2849 3591
1135 219 1447 261 -17-

271 355 457 404 patmus
489 349 740 388 evertemus
771 354 868 402 cap.v
893 339 965 397 ΙΙΙ,
992 336 1087 389 ΒΑ.
1154 323 1321 385 Contra
1350 341 1586 401 praeclaro
1609 343 1786 386 ‘auxilio
1811 343 1955 388 codex
1984 344 2316 389 Ambrosianus

272 428 452 480 praesto
496 429 563 465 est
573 443 606 478 ,“
636 420 1014 476 integrum-{post
1062 419 1120 461 70
1168 432 1345 461 versum
1391 416 1609 463 excidisse
1657 428 1941 477 monstrans,
1989 423 2117 465 cuius.
2163 424 2315 466 lacera

273 498 480 544 membra
871 502 874 505 ’
960 503 963 506 “

643 601 832 617 .....
862 570 2145 619 U.:...·....FAENUS....·U...U....M1H1

277 650 430 694 nescio
462 665 520 693 an
552 657 674 693 recte
701 650 748 692 in
779 649 870 693 hoc
902 663 1069 708 corpus
1099 649 1327 709 colligam:

455 725 803 774 Reddundumst
835 726 1011 784 faenus,
1038 726 1199 772 faenus
1231 725 1564 771 reddundumst
1596 727 1725 771 mihi.

274 805 446 851 Faenus
477 805 615 863 euim,
648 816 742 849 non
774 813 1209 864 sortemr-sevpetere
1242 805 1377 849 etiam
1411 821 1465 849 eo
1499 811 1654 863 versu,
1685 806 1764 865 qui
1797 819 1920 849 nunc
1954 813 2021 849 est
2051 803 2139 863 64,
2171 806 2316 850 incul-

274 890 368 924 cat:
413 882 506 925 eTR.
554 883 733 925 Sortem
784 884 952 941 accipe.
1027 883 1116 924 DA.
1164 883 1304 924 immo
1354 882 1539 938 faenus,
1584 882 1632 924 id
1679 884 1878 940 primum
1927 882 2060 925 volo'.
2138 883 2317 925 Sortem

275 968 424 1002 autem
475 974 555 1002 cur
593 960 758 1001 Tranio
802 961 1064 1018 promittat,
1112 974 1273 1017 parum
1324 958 1524 1017 expediit
1566 960 1907 1003 Taubmannus:
1957 961 2103 1004 immo
2154 960 2202 1002 id
2246 962 2319 1002 ille

273 1038 573 1095 promittens,
629 1036 688 1080 ad
711 1066 713 1068 ·
735 1037 864 1096 quod
916 1036 1170 1097 parandum
1225 1038 1508 1095 aliquantum
1561 1038 1783 1094 temporis
1840 1039 2090 1081 necessario
2144 1053 2314 1082 conce-

275 1113 501 1171 dendum,
543 1130 718 1159 moram
760 1115 914 1159 dedita
959 1126 1114 1174 opera·
1143 1115 1285 1158 nectit
1330 1114 1557 1173 simulque
1591 1113 1696 1156 falsa
1738 1129 1818 1172 spe
1860 1114 2151 1158 exhilaratum
2185 1115 2320 1159 dani-

275 1198 389 1234 stam
418 1191 593 1237 facilius
617 1193 731 1237 hinc
762 1208 808 1237 se
849 1202 1108 1240 amoturum
1151 1201 1314 1252 sperat.
1392 1193 1494 1238 Non
1542 1192 1691 1235 minus
1738 1199 1889 1235 autem
1937 1193 2181 1235 commode
2227 1194 2316 1250 ille,

276 1276 415 1328 quem
449 1284 734 1330 recuperasse
767 1268 990 1328 videmur,
1021 1284 1172 1317 versus
1204 1284 1229 1314 a
1260 1270 1498 1315 Tranionis
1531 1284 1751 1328 responso
1786 1270 2023 1321 (Molestus
2045 1284 2104 1314 ne
2126 1268 2209 1322 sis’)
2245 1284 2321 1313 ex-

278 1347 471 1408 cipitur,
506 1362 644 1409 quam
676 1348 724 1392 in
768 1362 819 1392 ea
847 1348 1062 1392 convenit
1094 1362 1211 1407 quae
1252 1346 1547 1407 praecedunt.
1624 1346 1754 1402 Quae
1795 1361 1897 1390 cum
1939 1346 2068 1391 valde
2108 1347 2324 1391 lacunosa

277 1425 324 1469 in
357 1426 484 1469 libris
516 1441 617 1471 mSS.
652 1434 847 1483 exstent,
882 1425 1108 1485 imprimis
1148 1424 1397 1469 dolendum
1433 1433 1500 1469 est
1539 1425 1675 1469 huius
1716 1434 1865 1469 totum
1910 1426 2086 1470 initium
2129 1427 2323 1487 paginae

277 1504 323 1546 in
357 1504 657 1548 Ambrosiano
691 1502 1068 1562 codice'prorsus
1105 1503 1354 1547 evanuisse.
1431 1502 1521 1546 Sed
1555 1504 1891 1563 qualiacunque
1924 1504 2072 1561 fuere,
2106 1521 2222 1563 quae
2258 1506 2323 1548 ibi

273 1581 611 1626 vetustissimae
652 1582 951 1625 membranae
1003 1581 1266 1640 consignata
1309 1589 1580 1639 tenuerunt,
1627 1580 1803 1626 diversa
1850 1582 1906 1625 ab
1960 1582 2322 1627 intolerabilibus

277 1658 520 1703 Camerarii
553 1658 882 1719 supplementis
914 1657 1048 1703 fuisse
1089 1666 1262 1705 certum
1297 1666 1376 1702 est.
1450 1657 1630 1715 Quibus
1671 1659 1767 1702 sine
1813 1674 1943 1703 mora
1986 1660 2179 1719 expulsis
2219 1660 2324 1704 vide

276 1753 384 1781 num
419 1736 760 1798 diligentissime
794 1737 1038 1781 observatis
1070 1736 1334 1780 lacunarum
1363 1737 1536 1796 spatiis,
1566 1737 1718 1796 qualia
1749 1746 1853 1780 sunt
1878 1738 1924 1781 in
1949 1739 2177 1796 Palatinis,
2210 1740 2326 1782 asci-

277 1816 425 1875 iisque
458 1829 562 1859 cum
596 1815 791 1860 aliorum
823 1823 921 1860 tum
951 1813 1140 1859 Acidalii
1175 1814 1450 1876 quibusdam
1485 1816 1679 1860 inventis
1710 1816 1775 1859 sic
1805 1817 1968 1861 rectius
2000 1831 2234 1860 sermones
2260 1818 2322 1860 illi

278 1892 547 1951 procedant:

523 1971 626 2017 Non
658 1971 761 2030 dat,
792 1987 888 2016 non
920 1970 1072 2016 debet.
1137 1973 1230 2016 DA.
1261 1974 1357 2015 nou
1386 1970 1556 2015 debet?
1619 1971 1703 2015 TR.
1739 1986 1797 2013 ne
1823 1969 1915 2030 gry‘
1946 1971 2134 2032 quidem

529 2048 650 2092 Ferri
681 2048 790 2092 hinc
821 2058 984 2109 potest.
1017 2053 1187 2102 ausvis
1219 2050 1329 2094 hinc
1360 2050 1534 2109 alquuo
1567 2049 1700 2093 abeat
1729 2049 1882 2093 foras?

523 2126 691 2170 Vrbem
723 2126 825 2170 exul
856 2127 1053 2188 [linquat
1084 2127 1298 2178 faenoJris
1328 2130 1482 2171 caussa
1510 2127 1610 2171 tui?

407 2206 464 2249 70
531 2203 659 2261 Quin
686 2207 856 2248 sortem
892 2204 1232 2265 [pol]licebitur.
1299 2205 1388 2248 DA.
1425 2204 1538 2265 quin
1565 2207 1662 2248 non
1693 2212 1823 2264 peto:

529 2281 880 2327 Reddundumst
914 2282 1089 2340 faenus,
1121 2282 1276 2327 faenus
1308 2282 1646 2327 reddundumst
1677 2283 1807 2325 mihi.

522 2360 608 2405 TR.
638 2359 848 2405 Molestus
881 2374 938 2404 ne
971 2360 1052 2404 sis:
1085 2363 1221 2405 nemo
1255 2359 1353 2405 dat:
1387 2375 1466 2422 age
1501 2358 1613 2420 quid
1645 2360 1785 2405 lubet.

278 2438 476 2484 Nimium
512 2446 603 2497 est,
644 2437 773 2499 quod
802 2438 1078 2481 Traniouem
1110 2453 1152 2481 v.
1193 2441 1249 2483 67
1290 2437 1647 2498 respondentem
1690 2438 1858 2482 iaciunt
1903 2437 1972 2482 ‘ne
2012 2454 2091 2499 gry
2133 2439 2320 2499 quidem

279 2515 449 2559 debet’:
484 2531 580 2574 quo
613 2515 666 2558 fit
698 2524 749 2558 ut
779 2516 884 2558 satis
917 2516 1071 2574 inepte
1104 2515 1301 2574 proximi
1332 2530 1484 2559 versus
1518 2516 1649 2560 initio
1684 2524 1926 2574 quaeratur
1957 2516 2082 2559 ‘ferre
2111 2516 2202 2560 hoc
2235 2532 2321 2576 po-

278 2593 390 2638 tes'i)
421 2591 547 2653 quod
580 2592 788 2652 quidem,
820 2594 1086 2653 praesertim
1119 2601 1342 2653 sequente
1362 2594 1498 2637 altera
1530 2593 1884 2651 interrogatione
1913 2593 1986 2637 illa
2019 2607 2137 2652 quae
2159 2593 2210 2637 fit
2235 2592 2321 2638 ‘an’

280 2671 512 2730 particula,
545 2669 732 2730 intelligi
758 2684 944 2729 prorsus
970 2671 1140 2729 nequit.
1181 2669 1291 2714 ‘Non
1312 2669 1405 2727 dat,
1439 2684 1548 2713 non
1582 2668 1765 2713 debet*
1795 2670 1851 2713 ab
1882 2669 2013 2713 initio
2039 2668 2215 2715 dixerat
2247 2671 2321 2716 in-

278 2747 603 2806 temperantius
633 2746 882 2801 vociferans
920 2762 1015 2791 nec·
1038 2747 1210 2806 singula
1251 2748 1387 2790 verba
1418 2747 1672 2805 pensitans3
1709 2761 1814 2789 mox
1848 2746 1927 2790 uhi
1960 2748 2107 2792 acrius
2149 2749 2321 2794 instans

280 2822 456 2869 danista
487 2823 593 2878 ‘non
611 2822 792 2870 debet’i’
825 2824 1163 2885 obstupefactus
1178 2823 1369 2883 quaerit,
1391 2823 1481 2868 iam
1507 2838 1601 2868 non
1631 2823 1749 2868 serio
1771 2837 2024 2870 asseverare
2040 2824 2316 2871 Traniouem

282 2901 671 2963 convenityquod
702 2903 1002 2963 incogitanter
1033 2909 1179 2948 anteat
1196 2902 1362 2963 iecerat
1391 2917 1479 2946 nec
1504 2909 1662 2962 postea
1684 2901 1778 2947 ullo
1800 2901 1942 2947 modo
1962 2910 2112 2950 tenet:
2146 2913 2190 2950 at
2208 2902 2317 2948 illud

283 2982 523 3041 convenit,
555 2981 886 3027 asseverantius
904 2980 1061 3025 iterata
1091 2981 1232 3026 altera
1263 2988 1391 3042 parte
1422 2980 1546 3041 prius
1579 2966 1809 3026 dictorum
1853 2979 1976 3035 (non
2017 2981 2119 3031 dat')
2160 2980 2319 3026 callide

282 3058 511 3105 declinare
547 3060 934 3121 responsionems
967 3059 1017 3104 V.
1049 3059 1262 3119 69÷quae
1302 3058 1557 3118 vulgantur:
1599 3057 1778 3104 ‘Vrbem
1823 3060 1925 3104 exul
1966 3060 2139 3120 linquat
2180 3058 2321 3103 factus

1922 3140 1948 3181 3
