2849 3591
1349 242 1661 290 ...44-

466 353 787 426 conviciumil’,
810 365 957 421 illud
967 366 1063 439 qu'o
1092 354 1294 415 tandem
1312 354 1555 434 spectare
1551 368 1819 417 dicamus?
1853 366 2350 417 commemoraverat
2346 368 2538 418 danista

464 437 812 491 Philolachetis
836 450 1013 499 nomen
1047 438 1205 492 secum
1225 441 1434 497 locutus
1462 465 1504 495 v.
1523 445 1625 495 33
1652 448 1772 495 sed
1788 438 2133 512 Philolachetis
2152 438 2338 494 eec'u‘m
2350 444 2537 491 ‘seu-'vom

463 518 713 568 Tranium?
746 524 856 569 item
898 539 923 568 e
952 524 1183 572 Tranione
1215 541 1255 570 v.
1286 523 1361 570 46
1375 523 1656 586 quaesierat
1665 526 1941 589 simpliciter
1978 512 2084 570 ‘ubi
2107 509 2409 570 Philolaches·
2432 521 2534 567 est?

465 600 654 645 illucine
683 601 832 661 igitur
854 600 1110 661 respexisse
1126 602 1480 671 Theuro'pidem'
1504 612 1622 665 poSt
1660 603 1964 680 quadraginta
1992 614 2211 662 versuum
2232 593 2536 646 intervallum

463 676 738 723 credibile}>
787 677 842 723 Et
872 686 924 722 ut
963 677 1013 723 id
1046 676 1235 738 quidem
1271 669 1440 724 credas
1471 673 1756 739 liberaliter,
1783 676 1998 741 ipsumne
2039 672 2324 749 ‘compellat’
2344 675 2536 722 verbum

462 769 520 799 eo
549 755 699 800 valere
728 762 882 816 potest
911 764 962 800 ut
994 755 1109 799 nihil
1141 756 1200 801 sit
1232 756 1319 801 nisi
1340 758 1532 803 nomine
1561 756 1732 816 dicere,
1759 754 2038 805 nominatim
2053 755 2449 813 commemorare,
2474 768 2534 799 an

462 831 513 876 in
546 847 653 876 eum
685 834 841 903 pot-ius
873 831 995 877 cadit
1025 827 1111 881 usu
1144 849 1341 908 prorsus
1360 834 1612 900 consta-nti,
1633 830 1728 895 qui
1740 826 1996 894 appellans
1993 829 2221 891 aliquem·
2235 841 2392 883 revera
2421 830 2536 874 allo-

462 911 665 970 quatur?
730 907 792 955 Ex
822 910 894 954 his
928 903 1091 970 igitur,
1125 912 1213 957 nisi
1252 904 1552 957 vehementer
1582 911 1805 969 fallimur,
1837 901 2172 981 consectarium
2206 894 2311 952 hoc
2349 916 2445 965 est,
2481 916 2537 952 ut

462 988 629 1048 aliquis
661 989 782 1034 inter
811 1003 852 1035 v.
887 975 947 1032 59
983 997 1047 1033 et·
1061 991 1123 1034 60
1160 986 1406 1035 versiculus
1438 986 1739 1077 interciderit,
1772 978 1915 1050 quein
1944 987 2083 1079 velut
2098 987 2191 1032 hoc
2214 982 2425 1081 exemplo
2452 996 2532 1029 re-

461 1063 624 1124 dipisci
660 1065 837 1110 licebit:
1447 1105 1449 1107 .
2267 1079 2270 1082 ·
2533 1079 2536 1082 ’

585 1141 644 1186 59
712 1142 806 1187 ΒΑ.
841 1142 936 1187 Iam
966 1144 1121 1189 hercle
1153 1147 1238 1205 ego
1273 1146 1413 1190 illunc
1445 1145 1717 1213 nominabo.
1755 1143 1868 1188 TR.
1902 1148 2023 1202 euge
2046 1108 2164 1203 euge
2195 1145 2393 1188 strenue·-

713 1219 808 1264 DA.
845 1220 965 1264 Heus
997 1219 1288 1279 Philolffache
1317 1223 1401 1266 e'xi
1416 1222 1530 1266 huc
1535 1209 1678 1267 intus:
1699 1220 1865 1267 faenus
1889 1219 2090 1267 reddito:

582 1298 643 1341 60
709 1295 795 1341 ΤΗ.
831 1298 995 1341 Beatus
1025 1307 1135 1342 vero
1169 1313 1217 1342 es
1245 1302 1372 1357 nunc
1401 1297 1544 1360 quom
1571 1300 1761 1346 clamas.
1827 1297 2111 1361 DA.me1'1m
2144 1302 2268 1356 petoss

457 1374 534 1418 Vel
562 1389 664 1417 mea
692 1388 864 1417 caussa
880 1373 1012 1417 ‘Heus
1044 1374 1328 1435 Philolache,
1361 1378 1456 1421 exi:
1489 1380 1536 1421 te
1567 1377 1882 1440 Misarg'yrides
1913 1383 2063 1421 vocat:
2069 1373 2179 1420 vel
2206 1374 2337 1443 Heus
2369 1373 2527 1417 Philo-

455 1451 601 1508 lache,
636 1452 731 1494 exi:
766 1455 1004 1510 argentum
1038 1451 1202 1511 redde,
1234 1454 1533 1499 Philol'fache
1561 1456 1634 1501 *vel
1663 1463 1716 1499 ut
1746 1455 1881 1498 simul
1913 1452 2157 1498 omittendi
2195 1459 2349 1496 caussa
2382 1465 2526 1510 quae-

378 1582 381 1584 *
452 1527 559 1574 dam
595 1537 770 1589 pateat:
803 1526 935 1574 Heus
970 1530 1264 1589 Philolache,
1299 1531 1393 1577 exi:
1426 1532 1583 1577 faenus
1616 1532 1896 1592 promissum
1928 1538 2063 1591 peto.
2105 1551 2110 1555 ·

598 1604 693 1649 Iam
730 1620 837 1650 vero
873 1607 956 1666 qui
989 1615 1111 1652 recte
1144 1607 1387 1653 aestimare
1420 1609 1559 1666 volet,
1590 1609 1772 1653 iustone
1806 1607 1970 1653 ordine
1998 1595 2090 1652 tam
2127 1607 2305 1667 prolixa
2333 1592 2525 1667 tamque

451 1683 574 1727 varia
604 1683 847 1727 Tranionis
869 1683 1208 1745 danistaeque
1219 1685 1454 1730 altercatio
1487 1685 1725 1753 procedat,
1758 1687 1800 1731 ei
1828 1685 2011 1746 praeter
2041 1694 2191 1730 cetera
2214 1684 2326 1729 illud
2348 1685 2524 1743 ubique

451 1758 706 1827 tenendum
741 1768 835 1819 est,
869 1760 1023 1836 quod
1041 1770 1086 1806 et
1118 1778 1197 1807 res
1222 1763 1318 1823 ipsa
1348 1763 1549 1823 postulat
1580 1769 1648 1808 'et
1667 1764 1974 1809 cummaxime
2007 1778 2078 1808 ars
2109 1763 2316 1807 Plautina
2337 1760 2524 1819 suadet,

451 1846 503 1882 ut
534 1837 822 1897 pedetentim
853 1849 900 1884 et
932 1834 1154 1900 tanquam
1188 1845 1272 1903 per
1300 1841 1467 1901 gradus
1498 1842 1727 1913 quosdam
1761 1847 1802 1886 a'
1805 1838 2047 1886 sedatiore
2081 1842 2245 1887 affectu
2278 1841 2358 1887 ad
2370 1843 2521 1886 maio-

442 1929 543 1958 rem
576 1915 723 1961 animi
756 1917 1118 1962 concitationem
1153 1909 1323 1963 Tranio
1353 1909 1698 1988 progrediatur:
1733 1916 1904 1964 deinde
1936 1927 2089 1963 autem
2111 1927 2164 1964 ut
2195 1919 2402 1979 singulae
2424 1934 2521 1963 ser·-

441 2006 638 2036 monum
672 1993 855 2037 illorum
885 2002 1036 2055 partes
1070 1995 1132 2038 ita
1165 1995 1364 2040 invicem
1394 1996 1494 2040 sibi
1528 1995 1807 2056 adaptentur
1834 1989 2286 2056 continuenturque,
2317 2004 2368 2040 ut
2409 2010 2520 2040 vero

440 2068 773 2112 sententiarum
804 2070 989 2114 vinculo
1023 2085 1171 2131 eaque
1204 2071 1567 2130 necessitudine,
1590 2087 1726 2133 quae
1762 2074 1864 2133 ipsi
1887 2068 2042 2117 'sensui
2073 2073 2279 2117 humano
2323 2086 2521 2116 consen-

438 2154 577 2190 tanea
608 2147 691 2203 sit,
722 2148 843 2190 inter
876 2161 924 2190 se
959 2147 1310 2193 contineantur.'
1360 2149 1516 2194 Talem
1546 2159 1700 2194 autem
1733 2149 1963 2209 ordinem,
1995 2158 2048 2194 ut
2076 2164 2199 2194 nunc
2221 2163 2292 2193 res
2320 2158 2404 2207 est,
2434 2148 2519 2194 de-

439 2221 631 2267 siderari
665 2237 764 2266 non
792 2222 907 2283 fugit
938 2224 1169 2268 Pistorem
1198 2233 1244 2269 et
1273 2224 1524 2271 Bothiume'
1551 2227 1638 2287 qui.
1668 2226 1798 2287 quod
1830 2228 1987 2288 paucis
2016 2226 2293 2292 quibusdam
2325 2235 2519 2287 tranpo-

438 2299 684 2344 sitionibus
712 2299 829 2344 nihil
863 2308 1036 2346 tamen
1058 2312 1262 2364 egerunt,
1297 2311 1352 2347 eo
1389 2302 1563 2348 factum
1584 2312 1655 2348 est
1689 2303 1820 2364 quod
1854 2305 1900 2348 in
1934 2305 2121 2365 singulis
2153 2304 2401 2349 haeseiunt
2432 2320 2518 2350 nec

440 2385 605 2424 cuncta
637 2377 775 2422 simul
806 2375 1036 2439 tanquam
1067 2380 1152 2424 sub
1180 2395 1326 2425 unum
1357 2387 1662 2442 conspectum
1683 2373 2020 2427 *subiecerunt
2050 2381 2192 2439 Quod
2223 2382 2314 2427 nisi-
2341 2382 2517 2441 feceris,

440 2453 627 2499 difficile
662 2464 729 2500 est
761 2471 857 2501 non
895 2469 1069 2501 errare:
1104 2458 1296 2518 quippe
1313 2466 1408 2503 tam
1448 2458 1604 2505 brevia
1638 2457 1893 2505 concitatae
1930 2454 2328 2505 'sermocinationis
2366 2473 2517 2505 mem-

440 2532 520 2578 bra
553 2532 793 2579 fatendum
822 2542 913 2593 est,
937 2532 1028 2579 ubi
1060 2547 1145 2596 per
1177 2550 1225 2580 se
1257 2543 1547 2597 spectentur,
1569 2534 1678 2582 non
1708 2527 1855 2582 unum
1890 2536 2102 2583 ordinem
2136 2536 2403 2597 admittere,
2434 2537 2529 2584 sed'

442 2612 591 2656 multis
624 2611 778 2662 modis
812 2626 908 2660 non
943 2607 1101 2673 inepte
1134 2612 1321 2674 disponi
1354 2629 1505 2675 posse.
1573 2613 1665 2660 Sed
1687 2610 1974 2660 ordiundum'
2008 2615 2194 2676 quidem
2224 2616 2371 2664 nobis
2393 2629 2517 2677 quo-

441 2703 533 2747 que
566 2698 633 2734 est
664 2705 691 2735 a
724 2690 926 2752 singulis.
992 2691 1155 2752 Itaque
1186 2692 1297 2738 hinc
1320 2691 1605 2754 proficiscar,
1641 2690 1772 2753 quod
1793 2708 1834 2737 v.
1859 2696 1916 2738 57
1946 2692 2125 2739 danista
2150 2688 2353 2754 ‘quaerite
2385 2691 2514 2751 ‘quin

441 2781 524 2831 vos
555 2767 669 2811 mihi
700 2767 860 2813 faenus
892 2767 1032 2814 date?
1066 2768 1183 2829 quid
1217 2767 1500 2830 nugaminiil'
1541 2772 1598 2815 At
1628 2769 1904 2831 promiserat
1916 2770 2085 2816 Tranio
2106 2770 2267 2817 datum
2288 2770 2345 2815 iri
2363 2783 2403 2814 v.
2427 2770 2511 2815 53:

365 2889 369 2892 .
438 2858 547 2904 ergo
582 2848 676 2902 non
706 2845 819 2891 illud
860 2848 1015 2908 potius
1057 2847 1378 2909 quaerendum
1411 2852 1508 2894 erat-
1540 2849 1834 2910 simpliciter,
1867 2863 2006 2910 quam
2040 2849 2154 2893 hoce
2185 2839 2273 2891 cur
2305 2846 2512 2905 differtis,

439 2936 525 2965 nec
572 2922 780 2966 statim
822 2916 1038 2969 reddite?
1111 2925 1204 2971 Sed
1249 2935 1407 2971 tamen
1449 2910 1542 2972 hoc
1592 2927 1653 2972 ad
1710 2921 1913 2972 nostram
1957 2926 2149 2988 quidem
2180 2926 2509 2986 'quaestionem

437 2999 601 3042 levius:
633 2999 753 3043 nihil
782 3002 902 3049 enim
936 3004 1183 3062 proclivius
1216 3019 1356 3065 quam
1391 3005 1568 3049 intruso
1603 3006 1660 3049 ab
1682 3005 1944 3066 *interprete
1973 3003 2155 3048 ‘faenus'
2174 3003 2364 3047 nomine
2385 3003 2509 3046 illam

438 3077 583 3136 ipsam
628 3077 905 3134 notionem,
950 3079 1067 3138 quae
1117 3091 1182 3125 est
1221 3082 1417 3141 ‘statim',
1453 3079 1625 3141 ‘il'ico,''
1652 3071 1882 3144 expulsam
1931 3075 2134 3126 credere.
2158 3076 2389 3125 'Gravius
2429 3088 2510 3137 est,
