2849 3591
1138 214 1216 260 '-—
1278 230 1466 275 33-

404 347 536 398 Nihit‘
552 351 606 397 >in
637 348 859 398 Plautinis
889 351 1053 396 fabulis
1084 351 1368 412 frequentius
1397 365 1541 411 quam
1571 352 1798 397 eiusmodi
1827 353 2190 413 corruptelam
2224 365 2339 397 con·

283 440 437 481 ουτως,
468 437 516 475 et
540 421 859 476 *crescentium
892 441 1098 472 errorum
1133 436 1355 488 tanquam
1398 424 1549 472 nodus
1593 427 1807 487 quidam:
1847 430 1973 474 cuius
2017 430 2084 475 rei
2130 429 2340 490 exempla

282 506 368 550 alia
401 504 746 566 opportunitate
776 503 934 549 licebit
965 504 1085 564 larga
1117 518 1256 549 manu
1288 518 1540 565 promere..
1562 504 1710 549 Vnum
1739 504 1818 550 hie
1840 504 2044 562 afferam,
2074 507 2200 551 cuius
2225 507 2340 551 sim-

282 583 448 641 plicior
473 582 620 639 ratio,
649 579 732 626 sed
763 580 993 641 persimile
1033 589 1279 641 propterea
1298 580 1443 642 -quod
1475 581 1772 627 traiecturum
1814 596 1933 627 unus
1974 595 2184 626 versuum
2227 575 2338 628 item

282 673 364 703 suo
398 659 501 703 loco
535 657 714 705 resedit.
778 658 1076 723 Mostellariae
1107 660 1233 705 enim
1263 658 1338 718 111,
1372 663 1399 705 2
1432 674 1536 704 cum
1570 675 1596 704 a
1624 675 1665 704 v.
1701 662 1786 705 101
1821 659 1937 704 haec
1968 659 2196 719 legantur:

529 734 615 778 TH.
646 734 772 780 Adeo
806 735 945 780 etiam
976 724 1150 796 argenti
1168 735 1344 791 *faenus
1376 736 1601 782 creditum
1630 737 1809 783 audini>

529 814 615 859 TR.
652 813 882 870 Quattuor
907 814 1208 874 quadraginta
1240 814 1305 859 illi
1334 812 1566 860 'debentur
1598 817 1765 860 minae.

532 890 616 933 Dic
642 887 956 946 te-daturum‚
988 898 1039 934 ut
1069 890 1215 935 abeat.
1278 890 1366 936 TH.
1401 906 1520 952 egon
1552 892 1702 937 dicam
1737 894 1884 938 dare?

531 966 619 1009 TH.
656 965 753 1008 Dic.

282 1044 435 1104 paullo
464 1050 569 1102 post
595 1042 683 1086 hos
715 1041 1014 1087 offendimus:
1949 1093 1961 1098 ῃ

380 1124 467 1165 120
529 1114 624 1164 ΤΒ.Ι
650 1120 843 1164 Absolve
870 1116 996 1164 hunc
1024 1109 1196 1179 quaeso
1228 1120 1478 1177 vomitum,
1512 1135 1571 1164 ne
1604 1106 1798 1165 ὴίο-Ποὲ
1832 1133 2003 1166 enecet.

531 1196 762 1255 Quattuor
794 1195 1093 1255 quadraginta
1122 1196 1184 1240 illi
1218 1195 1448 1240 debentur
1478 1198 1659 1255 minae,

530 1274 584 1319 Et
611 1273 712 1319 'sors
747 1283 792 1319 et
823 1274 992 1319 faenus.
1059 1272 1150 1317 DA.
1183 1282 1426 1319 tantumst:
1461 1274 1608 1319 nihilo
1641 1275 1743 1335 plus
1772 1285 1897 1335 peto.

530 1352 616 1396 TR.
648 1352 792 1396 Velim
827 1350 1018 1411 quidem
1048 1351 1203 1395 hercle
1233 1359 1287 1395 ut
1318 1365 1413 1395 uno
1446 1366 1639 1395 nummo
1672 1352 1775 1410 plus
1805 1360 1947 1411 petas.

533 1428 621 1474 ΤΗ.
655 1427 960 1486 Adulescens,
993 1442 1174 1471 mecum
1207 1442 1306 1472 rem
1341 1427 1476 1471 habe.
1540 1427 1631 1471 DA.
1667 1443 1834 1488 nempe
1862 1428 1942 1473 abs
1969 1437 2014 1473 te
2043 1437 2210 1489 petam.

380 1509 465 1552 125
532 1507 619 1551 ΤΗ.
653 1507 801 1552 Petito
837 1520 948 1551 cras.
1015 1506 1106 1551 DA.
1141 1506 1286 1550 abeo:
1321 1515 1388 1550 sat
1421 1506 1596 1565 habeo,
1628 1507 1666 1551 si
1700 1521 1801 1551 cras*
1827 1506 1937 1551 sero.

281 1586 343 1630 Ex
374 1585 601 1629 hocloco
634 1599 788 1629 versus
823 1587 906 1628 121
947 1583 1179 1642 irrepsisse
1222 1583 1271 1627 in
1320 1584 1522 1642 priorem
1568 1583 1754 1628 Osanno
1801 1583 2039 1628 videbatur
2080 1586 2204 1630 Anal.
2240 1586 2337 1630 crit.

282 1679 326 1722 p.
363 1666 468 1707 203.
534 1663 590 1705 At
623 1677 729 1705 vero
765 1661 991 1717 deletov.
1026 1664 1115 1705 102
1149 1661 1229 1719 qui
1264 1660 1377 1704 illud
1409 1661 1513 1704 ferri
1545 1669 1710 1719 potest,
1742 1669 1793 1704 ut
1826 1676 1928 1704 cum
1959 1677 1999 1704 v.
2034 1666 2117 1706 101
2156 1662 2214 1706 de
2247 1662 2339 1706 fae-

283 1755 395 1783 nore
428 1738 744 1798 Theuropides
786 1739 1059 1797 quaesisset,
1113 1738 1227 1781 nihil
1266 1752 1454 1796 prorsus
1501 1752 1652 1780 servus
1697 1736 2000 1796 respondeat.a
2074 1739 2168 1797 Qui
2212 1740 2342 1798 quod

280 1817 367 1860 ‘die
396 1825 442 1859 te
477 1814 703 1860 daturum’
735 1815 824 1872 ait,
856 1811 1087 1873 idipsum
1122 1813 1363 1866 manifesto
1399 1813 1458 1858 ad
1497 1830 1810 1874 praegressum
1845 1814 2035 1875 aliquod
2070 1829 2342 1874 responsum

281 1894 486 1952 refertur,
518 1909 612 1954 quo
646 1893 801 1937 faenus
832 1908 1022 1952 quoque
1056 1907 1150 1935 esse
1189 1890 1415 1951 creditum
1448 1892 1615 1934 Tranio
1649 1891 1909 1937 affirmarat.
1980 1891 2031 1936 Id
2073 1901 2224 1936 autem
2260 1894 2340 1936 etsi

281 1972 436 2032 aliquo
471 1969 613 2015 modo
648 1970 753 2014 facit
785 1984 892 2014 sane
923 1970 1119 2027 Tranio,
1149 1970 1186 2012 si
1230 1976 1512 2028 quattuor
1551 1977 1606 2012 et
1649 1969 1952 2030 quadraginta
1991 1972 2138 2015 minas
2182 1971 2341 2015 deberi

281 2049 466 2106 fatetur,
499 2046 686 2108 quando
720 2055 889 2091 sortem
924 2062 1018 2090 esse
1048 2046 1348 2106 quadraginta
1375 2046 1601 2089 minarum
1629 2055 1733 2090 ante
1767 2047 1959 2091 dixerat:
1989 2057 2145 2091 tamen
2179 2063 2340 2107 parum

281 2125 597 2185 intelligimus,
626 2139 707 2170 cur
739 2123 937 2183 apertius
970 2122 1018 2167 id
1048 2123 1196 2182 ipsum
1229 2121 1444 2167 inferiore
1475 2131 1654 2169 tantum
1687 2124 1790 2169 loco
1836 2123 1908 2168 his
1946 2124 2097 2169 verbis
2137 2123 2341 2169 declare-

279 2212 377 2261 tur,
409 2202 638 2262 ‘quattuor
675 2200 976 2262 quadraginta
1010 2200 1073 2245 illi
1106 2199 1334 2265 debentur
1377 2200 1556 2259 minae,
1600 2208 1656 2244 et
1696 2215 1819 2245 sors
1864 2208 1919 2245 et
1961 2196 2199 2258 faenus,
2244 2215 2339 2260 quo

280 2282 383 2326 loco
418 2280 609 2327 omnino
640 2294 725 2325 nec
758 2286 1070 2338 exspectemus
1104 2293 1188 2323 nec
1228 2271 1566 2336 desideremus,
1600 2286 1675 2336 ut,
1711 2287 1932 2339 quantum
1963 2278 2134 2339 argenti
2168 2277 2339 2322 debea-

436 2511 576 2550 rectius
599 2510 817 2557 tribuantur,
834 2510 866 2548 is
887 2513 926 2547 ut
947 2508 1121 2547 licentius
1148 2513 1186 2548 et
1211 2519 1283 2558 qua
1309 2510 1406 2548 solet
1434 2520 1522 2548 esse
1548 2509 1701 2551 fidentia
1726 2521 1812 2560 pro
1842 2510 2148 2559 Theuropidc
2178 2519 2341 2559 respon-

435 2578 521 2617 deat
540 2569 640 2617 ⁷ante
669 2587 781 2628 quam
811 2577 849 2616 in
876 2576 1036 2615 eandem
1067 2575 1129 2614 hic
1158 2576 1242 2626 ipse
1263 2577 1488 2616 sententiam
1509 2576 1571 2615 illa
1596 2577 1695 2615 dicat
1717 2574 1919 2627 ‘Quicquid
1948 2577 2016 2615 est’
2043 2587 2083 2615 e.-
2097 2588 2132 2627 q.
2154 2587 2184 2615 S.
2222 2576 2344 2616 Nam-

436 2657 508 2697 que
534 2646 586 2684 ita
615 2646 806 2685 fatendum
836 2649 893 2683 est
919 2648 955 2682 et
984 2644 1079 2682 haec
1110 2644 1192 2698 ipsa
1206 2645 1340 2683 -verba
1379 2644 1494 2695 longe
1530 2646 1721 2695 aptissime
1760 2646 1862 2684 necti
1897 2645 2111 2695 prioribus,
2149 2649 2187 2683 ct
2221 2644 2345 2695 magis

437 2713 620 2765 profecto,
646 2724 757 2763 quam
785 2714 823 2752 in
852 2711 1099 2763 Theuropidis
1128 2709 1378 2764 gravitatem,
1411 2711 1568 2750 iocandi
1592 2722 1715 2763 genus
1744 2711 1834 2751 illud
1867 2713 2083 2752 universnm
2120 2713 2263 2752 cadere
2302 2714 2340 2752 in

436 2786 605 2834 argutam
631 2781 830 2829 Tranionis
861 2791 946 2820 cum
972 2774 1252 2831 protervitatem
1279 2782 1366 2821 ¹tum
1396 2779 1640 2821 consiliorum
1676 2780 1884 2829 rationem,
1928 2781 2065 2830 quippe
2099 2791 2122 2820 e
2156 2782 2266 2820 cuius
2301 2790 2343 2818 re

438 2847 528 2888 illud
557 2849 668 2889 suerit
692 2853 732 2887 ut
761 2848 863 2899 quod
889 2849 1064 2898 maxime,
1093 2852 1132 2886 ut
1155 2855 1242 2887 sese
1273 2846 1357 2885 solo
1380 2846 1518 2885 comite
1545 2846 1805 2897 Theuropides
1832 2849 1988 2888 intraret
2013 2860 2114 2888 neve
2141 2860 2164 2888 e
2181 2849 2340 2889 Simonis

441 2917 566 2967 aliquo
594 2927 706 2956 servo
735 2927 815 2954 rem
843 2916 963 2966 qualis
990 2920 1093 2954 esset
1120 2915 1383 2954 rescisceret.-
1418 2916 1494 2955 Sed
1520 2921 1646 2955 tamen
1679 2917 1864 2957 habemus
1895 2930 1962 2958 cur
2000 2919 2213 2959 dubitanter
2247 2917 2337 2956 illud

441 2995 514 3026 nee
540 2985 615 3025 nisi
643 2985 683 3024 in
710 2983 918 3023 chartarum
946 2983 1086 3034 angulo
1113 2982 1274 3033 quodam
1298 2981 1605 3035 significarimus.
1659 2984 1744 3025 Non
1771 2985 1987 3028 dubitamus
2014 2993 2137 3028 autem
2162 2986 2210 3026 de
2229 2990 2337 3026 recte

441 3052 650 3094 emendatis
676 3052 841 3093 numeris
864 3062 996 3090 versus
1023 3050 1181 3090 secundi
1206 3049 1329 3097 (Nam
1357 3049 1523 3104 egomet'
1549 3062 1584 3093 e.
1613 3063 1648 3103 q.
1679 3058 1744 3103 s).

1931 3125 1956 3165 5
