2849 3591
1155 187 1453 228 ...3-

290 310 382 355 Nec
413 324 578 355 novae·
589 320 753 356 scenae
769 309 920 355 ullum
960 317 1065 354 ante
1095 309 1395 368 posteriorem
1427 322 1606 352 versum
1643 309 1692 351 iu
1722 309 1848 352 libris
1879 310 2056 370 scriptis
2089 308 2323 355 indicium

290 387 381 433 Sed
398 388 458 433 ita
476 386 588 449 quid
604 386 691 431 fiat
695 376 1007 444 Theuropide.
998 385 1019 420 ἶ)
1052 385 1226 430 Eumne
1244 384 1461 430 credibile
1477 392 1557 440 est.
1576 392 1818 444 postquam
1839 394 2034 430 extrema
2056 399 2202 443 scena
2190 385 2278 444 111,
2295 388 2324 431 3

291 466 459 525 (quam
464 458 528 509 illi
543 463 614 521 lv,
633 468 654 505 1
674 455 894 514 fecerunt)
914 457 1078 505 Tranio
1098 460 1374 520 discesserat,
1407 478 1491 523 per
1520 470 1671 506 totum
1697 461 1809 504 illud
1840 470 2036 521 tempuS,
2066 480 2165 522 quo
2175 481 2235 508 sc.
2252 464 2320 521 lv,

292 551 311 588 1
334 552 380 588 et
396 547 424 587 2
446 547 581 601 (quae
609 538 695 584 illis
724 553 816 583 una
835 537 952 595 lv‚2
977 541 1093 587 sunt)
1126 538 1372 583 Phaniscus
1389 548 1487 585 tum
1508 556 1664 585 secum
1685 540 1890 600 loquitur
1906 549 2010 584 tum
2029 541 2200 587 iocatur
2217 560 2316 587 cuni

288 634 526 686 conservo,
553 618 603 663 ..h
636 633 674 662 e.
705 633 806 677 per·
819 617 1018 679 integros
1049 632 1202 666 versus
1229 619 1303 676 53,
1336 618 1529 664 otiosum
1564 628 1708 664 astare
1743 626 1788 664 et
1817 633 2003 691 prorsus
2039 618 2152 663 nihil
2186 635 2320 680 agen·
2391 666 2397 676 ‚

286 697 411 743 temi’
474 694 614 753 Quod
646 695 844 757 sentiens
873 703 925 738 ut
955 694 1136 743 videtur
1165 684 1390 754 ‘Koepkius
1422 707 1523 740 cum
1556 712 1711 741 senem
1743 697 1965 755 tantisper
1991 696 2284 740 consedisse
2274 714 2318 740 m

286 776 442 836 aliquo
475 767 669 833 scabello
703 781 854 832 putat,
888 773 1001 816 nihil
1032 771 1470 837 animadvertentem
1505 778 1662 818 eorum
1695 790 1813 834 quae
1847 775 1964 816 circa
1998 789 2101 817 eum
2136 790 2319 833 ageren-

285 864 376 898 tur:
411 869 509 911 non*
539 852 763 911 reputavit
793 850 851 895 de
889 834 1115 896 constanti
1145 844 1477 912 ,consuetudin-e
1508 852 1619 896 illud
1654 854 1802 913 ipsum
1838 851 2110 897 considendi
2154 861 2198 896 et
2245 868 2320 896 ex-

287 930 500 993 pectandi
535 930 674 986 (velut
704 929 845 986 fllium
881 928 1168 990 expectandi)
1211 929 1450 975 consilium
1479 930 1759 990 Theuropidi
1795 931 1970 991 aliquot
2000 931 2151 975 verbis
2182 931 2320 990 signi-

264 1009 513 1063 'ficandum
559 1008 945 1068 fuissesprorsus
989 1016 1040 1052 ut
1087 1006 1169 1065 Ill,
1213 1013 1263 1065 1,
1310 1011 1394 1051 152
1438 1008 1533 1068 ‘ego
1578 1008 1654 1052 hic
1684 1008 1913 1068 tantisper'
1947 1009 2007 1051 ait
2046 1008 2168 1057 ‘dum
2215 1009 2319 1065 exis.

285 1097 331 1132 te
377 1080 590 1147 opperiar
639 1086 778 1145 i'oris’,
828 1087 1093 1147 priusquam
1149 1100 1233 1146 per
1276 1101 1483 1145 magnam
1538 1094 1711 1146 partem
1760 1099 1921 1137 scenae
1957 1084 2037 1142 lll,
2080 1091 2107 1129 9.
2147 1088 2319 1130 otiosus

287 1180 394 1209 sane
425 1172 550 1208 astat.
605 1164 704 1211 ¹Nee
745 1164 925 1208 scabelli
954 1163 1207 1208 artificium
1237 1163 1355 1226 'illud
1388 1162 1518 1206 valde
1556 1164 1729 1222 placet,
1765 1163 2049 1221 probabilius
2094 1173 2238 1220 certe,
2279 1165 2314 1206 si

281 1240 423 1286 modo
458 1241 515 1285 de
548 1242 706 1285 lacuna
739 1241 1056 1301 cogitandum,
1089 1242 1136 1285 in
1171 1249 1368 1284 extrema
1401 1240 1472 1297 llI,
1507 1243 1533 1284 3
1567 1240 1909 1299 'l'heuropidem
1951 1239 2199 1284 credideris
2231 1242 2317 1284 tale

282 1318 500 1379 quiddam
536 1318 721 1364 dixisse:
762 1319 862 1364 ‘Sed
895 1319 1008 1379 quid
1044 1318 1106 1363 illi
1148 1318 1357 1362 homines
1399 1323 1520 1361 meas
1553 1318 1610 1362 ad
1654 1318 1780 1362 aedis
1810 1319 1903 1363 huc
1936 1320 2314 1366 habenti-cctam

273 1397 426 1443 rviam?
457 1397 721 1456 >paullisper
761 1396 887 1440 lubet
927 1397 1165 1440 observare
1202 1394 1315 1456 quid
1345 1404 1504 1456 agant:
1550 1397 1640 1441 huc
1683 1396 1973 1441 concessero'.
2025 1398 2314 1460 'Quanquam

278 1491 335 1519 ne
374 1473 488 1535 quid
517 1470 831 1532 dissimulem,
867 1474 947 1519 vel,
975 1475 1038 1519 sic
1077 1474 1252 1536 aliquid
1287 1474 1547 1519 offensionis
1594 1475 1799 1520 relictum
1832 1464 1935 1525 est:
1976 1475 2205 1521 fatendum
2250 1489 2315 1522 est

282 1553 401 1597 enim
433 1542 737 1613 Theuropidis
763 1554 901 1597 verba
933 1553 1002 1611 lv,
1035 1557 1079 1610 2,
1113 1556 1171 1601 26
1204 1553 1351 1614 posita
1536 1605 1539 1607 ¹

465 1632 594 1688 Quae
628 1633 755 1677 illaec
784 1647 853 1675 ies
885 1632 983 1676 esti)
1017 1630 1128 1689 quid
1163 1631 1251 1675 illic
1284 1622 1496 1684 homines
1530 1619 1755 1691 quaerunt
1785 1630 1904 1690 apud
1941 1632 2062 1676 aedis
2093 1637 2249 1678 meas?

455 1709 590 1766 Quid
622 1710 812 1754 volunt?
847 1710 960 1770 quid
995 1709 1355 1769 introspectauti’

274 1790 387 1833 haec
421 1790 554 1848 igitur
586 1805 681 1832 non
715 1789 809 1833 eius
842 1789 994 1848 potius
1028 1804 1122 1832 esse
1155 1788 1234 1847 qui
1267 1788 1356 1832 iam
1400 1803 1481 1847 per
1519 1785 1707 1847 aliquod
1735 1795 1914 1848 tempus
1946 1788 2121 1848 placide
2156 1790 2315 1833 obser-

277 1883 353 1910 vai
357 1868 404 1923 it,
432 1882 568 1925 quam
605 1868 699 1910 eius
728 1883 866 1926 quem
901 1867 1165 1926 repentinus
1199 1865 1341 1909 mirae
1373 1865 1559 1909 alicuius
1594 1866 1656 1908 rei
1689 1875 1894 1924 aspectus
1927 1866 2138 1910 adm-citat

401 1943 527 2000 Quid
557 1952 735 2002 autem,
767 1945 802 1987 si
836 1944 1022 2002 reliquis
1050 1942 1460 1988 omnibus'rationi
1493 1943 1820 1986 convenienter
1852 1945 2106 1987 constitutis
2138 1945 2184 1987 in
2225 1945 2313 1987 hoc

276 2038 370 2067 uno
404 2037 430 2066 a
459 2036 571 2066 vero
603 2021 877 2066 aberraverit
906 2019 1212 2078 Camerarius,
1241 2019 1369 2080 quod
1399 2020 1586 2063 ulterius
1629 2036 1766 2080 quam
1801 2036 1884 2079 par
1917 2031 2012 2065 erat
2053 2038 2313 2081 progressus

275 2100 641 2160 transpositionis
673 2099 911 2145 artificium
944 2098 1171 2151 etiamad
1203 2098 1324 2142 illam
1358 2099 1501 2158 ipsam
1536 2114 1731 2156 scenam,
1766 2113 1881 2158 quae
1916 2115 2038 2143 nunc
2071 2110 2138 2143 est
2165 2100 2236 2157 lll,
2269 2105 2310 2156 3‚

274 2177 504 2237 pertinere
533 2177 677 2222 voluit
702 2191 787 2221 nec
825 2177 1042 2221 intactum
1077 2177 1124 2220 in
1157 2177 1230 2220 illa
1261 2177 1437 2221 fabulae
1469 2185 1597 2236 parte
1629 2177 1812 2236 reliquit
1852 2186 2054 2220 veterum
2088 2179 2307 2221 librorum

274 2255 397 2298 hunc
421 2252 657 2298 ordinem:
688 2254 758 2312 lv,
787 2258 829 2311 Ω,
861 2256 889 2298 3
925 2254 983 2299 ad
1017 2257 1090 2300 23.
1125 2255 1197 2312 Ill,
1232 2257 1275 2298 3.
1306 2255 1376 2311 lv,
1408 2258 1451 2307 Q,
1474 2256 1532 2298 ‘24
1564 2253 1620 2296 ad
1653 2252 1767 2296 fin-P
1835 2253 1937 2309 Quo
1974 2255 2161 2313 quidem
2195 2256 2309 2298 haec

272 2346 424 2375 rerum
456 2331 728 2376 continuitas
756 2331 963 2389 efficitur,
992 2339 1044 2375 ut
1073 2331 1152 2389 Ill,
1174 2335 1201 2374 2
1227 2340 1336 2375 extr.
1380 2332 1414 2373 T
1418 2331 1670 2390 heuropide
1704 2340 1747 2374 et
1777 2332 2001 2390 Tranione
2028 2333 2074 2375 in
2108 2333 2308 2376 Simonis

274 2407 428 2458 aedes*
449 2408 655 2467 ingressis
686 2407 844 2452 tertius
877 2416 1000 2452 actus
1030 2409 1321 2452 terminetur:
1355 2409 1552 2467 proximi
1585 2409 1717 2452 initio
1753 2409 1975 2468 prodeant
2009 2408 2309 2453 Callidamatis

274 2485 413 2542 servi,
442 2502 520 2530 ero
554 2484 677 2545 apud
709 2485 1066 2530 Philolachetem
1096 2486 1354 2530 comissanti
1388 2484 1620 2530 adversum
1648 2494 1818 2543 euntes,
1853 2485 2034 2543 deinde,
2063 2495 2306 2547 postquam

273 2562 445 2607 foribus
477 2563 659 2621 pultatis
692 2578 829 2607 nemo
864 2572 1125 2623 aperuerat,
1168 2564 1447 2623 speculantes
1479 2572 1615 2623 atque
1649 2572 1979 2623 exspectantes:
2014 2564 2126 2606 haec
2158 2573 2307 2607 autem

275 2637 384 2684 dum
419 2648 634 2701 aguntur,
664 2640 711 2684 in
746 2641 883 2686 altera
914 2650 1042 2702 parte
1074 2657 1234 2687 scenae
1268 2657 1293 2686 e
1324 2641 1524 2686 Simonis
1555 2640 1743 2684 aedibus
1776 2642 1880 2684 satis
1909 2656 2029 2684 nunc
2064 2643 2309 2700 perlustra-

271 2717 329 2758 tis
356 2717 668 2778 Theucopides
700 2735 803 2762 cum
835 2712 1060 2763 Tranione
1096 2729 1275 2777 exeant,
1309 2721 1456 2779 iisque
1499 2719 1784 2763 sermonibus
1825 2720 2018 2777 habitis,
2064 2720 2143 2779 qui
2190 2737 2310 2765 nunc

273 2804 376 2837 sunt
403 2797 480 2854 111,
506 2802 553 2855 3,
585 2798 749 2840 Tranio
785 2798 973 2858 quidem
1007 2797 1209 2842 discedat
1241 2796 1490 2857 quaerendi
1523 2796 1603 2841 filii
1637 2796 1755 2841 erilis
1784 2813 1962 2855 caussa,
1991 2797 2307 2858 'l'lieuropides

272 2879 419 2917 autem
455 2874 664 2920 Phanisci
695 2876 843 2919 verbis
876 2876 948 2919 his
980 2877 1143 2921 auditis

456 2951 537 2996 Hic
569 2950 755 3011 quidem
787 2967 937 3012 neque
969 2955 1257 2999 convivarum
1292 2953 1510 3011 sonitust,
1545 2953 1654 2998 item
1689 2962 1740 2998 ut
1772 2954 1962 2999 antebac
1997 2955 2101 2999 suit.

452 3028 609 3090 Neque
637 3030 870 3081 tibicinam
896 3039 1150 3076 cantantem
1173 3031 1335 3092 *neque
1366 3033 1502 3076 alium
1539 3048 1819 3093 quemquam
1855 3033 1990 3077 audio
