2849 3591
1335 263 1393 276 .-
1457 240 1518 286 42
1584 264 1642 273 ..-

447 385 586 428 quam
628 366 720 413 hoc
753 375 844 423 est,
885 364 1019 426 quod
1060 381 1167 412 cum
1215 382 1256 411 v.
1307 371 1394 413 100
1439 366 1762 427 coniungenda
1809 382 1851 411 v.
1884 367 1946 412 94
1986 368 2126 413 verba
2163 368 2511 430 contendimus·

445 442 599 504 Quod
630 441 743 487 illud
777 451 1018 503 argentum
1052 441 1156 488 est’..
1211 443 1362 505 Atque
1395 444 1489 489 hoc
1528 443 1646 490 vidit
1692 445 1830 491 etiam
1863 445 2065 492 Bothius.
2128 444 2222 491 Sed
2261 444 2514 491 uidendum

444 522 546 581 plus
579 530 686 567 erat.
758 520 866 577 Quo
902 522 1026 569 enim
1060 530 1266 582 spectare
1298 519 1483 580 putabis
1516 519 1647 580 quod
1679 537 1720 567 v.
1750 523 1813 568 97
1848 522 2016 567 Tranio
2049 520 2181 566 dicit:
2213 520 2416 566 ‘Audiui’
2447 522 2518 566 vi·-

446 598 645 643 deturne
679 600 875 643 obsecro
893 599 1050 644 hercle
1071 599 1280 648 idoneus,
1300 596 1480 642 danista
1503 599 1584 657 qui
1607 599 1694 643 siti’
1725 613 1868 658 genus
1890 597 2021 658 quod
2040 599 2515 658 improbissumumst'.

446 679 514 721 An
549 676 610 721 ad
644 693 749 721 eum
785 677 865 735 qui
901 675 1135 735 praecedit
1167 688 1345 719 versum
1380 674 1477 720 961>
1540 676 1598 720 At
1627 690 1682 719 eo
1708 678 1842 719 versu
1873 661 2053 718 danista
2085 674 2135 719 id
2161 674 2353 734 dixerat,
2382 675 2517 736 quod

446 755 517 797 vel
551 755 753 798 maxime
785 768 809 796 e
843 762 998 796 mente
1031 752 1274 794 Tranionis
1308 760 1443 794 esset:
1474 752 1725 809 paullulum
1755 766 1851 794 esse
1881 765 1967 794 nec
1992 750 2147 810 magni
2165 753 2517 811 aestimandum,

446 829 580 889 quod
612 844 688 874 aes
720 830 920 877 alienum
955 827 1247 875 Philolaches
1280 828 1594 874 contraxissat.
1660 828 1773 887 Qua
1805 828 1887 887 qui
1919 834 2073 886 potest
2101 826 2268 873 Tranio
2302 829 2350 872 in
2374 829 2518 874 -dani-

444 915 560 951 stam
602 916 654 951 ut
696 905 1004 964 improbitatis
1045 902 1486 951 documentouti?
1541 903 1690 949 {mmo
1720 904 1847 949 eius,
1869 903 2060 963 quidem
2105 903 2347 963 opprobrii
2383 920 2518 964 argu-

444 991 656 1027 mentum
688 982 762 1026 ille
797 978 961 1040 nequit
995 982 1083 1027 nisi
1119 996 1144 1026 e
1184 979 1392 1029 danistae
1426 980 1578 1026 verbis
1621 996 1660 1026 v.
1693 981 1755 1026 93
1786 989 1961 1041 petere:
2005 980 2234 1026 ‘Perfacile
2273 995 2358 1041 ego
2388 982 2518 1027 ‚ictus

444 1061 682 1120 perpetior
712 1052 981 1120 argenteos.'
1045 1058 1201 1110 Solam
1246 1059 1371 1105 enim
1400 1057 1674 1107 verberandi
1715 1066 1761 1104 et
1806 1059 1981 1104 ictuum
2023 1059 2267 1105 notionem
2302 1073 2518 1119 premens

443 1138 535 1181 hoc
569 1136 683 1182 dicit
712 1137 906 1182 Tranio:
940 1153 1095 1182 noune
1128 1137 1212 1181 iste
1252 1138 1388 1197 plane
1430 1145 1563 1181 natus
1603 1137 1839 1196 factusque
1883 1135 2049 1181 est-ad
2085 1136 2355 1183 danistieam
2391 1138 2517 1183 witae

444 1212 813 1264 condicionem?
842 1216 1026 1274 quippe¹
1050 1214 1134 1273 qui
1163 1230 1224 1259 nc
1250 1214 1494 1261 verberum
1522 1212 1720 1273 quidem
1740 1214 2044 1274 ignominiam
2073 1213 2339 1273 deotreotet,
2372 1215 2516 1261 modo

443 1292 691 1351 pecuniam
727 1290 950 1335 corradat.
1018 1289 1149 1346 Quae
1183 1306 1289 1338 cum
1323 1291 1387 1335 ita
1417 1291 1537 1348 sint,
1565 1289 1739 1349 ecquid
1771 1290 2006 1335 dubitabis
2031 1306 2124 1335 una
2162 1306 2312 1351 eaque
2340 1292 2519 1352 simpli-

442 1368 622 1411 cissima
655 1382 869 1410 versuum
903 1367 977 1412 97,
1007 1369 1085 1411 98.
1118 1368 1194 1414 99.
1232 1371 1323 1413 100
1357 1375 1463 1412 ante
1495 1367 1557 1411 94
1589 1367 1947 1425 transpositione
1979 1368 2164 1426 utrique
2197 1383 2341 1426 quam
2375 1383 2518 1426 expo-

443 1445 616 1488 suimus
645 1441 914 1493 difficultati
938 1458 1206 1501 occurrere,
1238 1444 1589 1504 rectissimoque
1621 1458 1834 1489 versuum
1868 1443 2034 1490 ordine
2067 1443 2283 1493 delectari
2312 1446 2376 1490 sie
2409 1460 2514 1490 meo

441 1535 574 1565 suasu
604 1521 1067 1567 reconcinnatorum:

694 1598 790 1642 TH.
826 1597 955 1654 Quid
986 1599 1050 1643 illi
1081 1598 1311 1644 debetur?
1375 1601 1469 1646 TR.
1504 1600 1696 1645 obsecro
1729 1561 1884 1645 hercle
1915 1607 1987 1657 te,
2011 1600 2142 1643 obici

695 1675 806 1719 lube
836 1675 945 1719 huic
978 1684 1219 1735 argentum
1249 1678 1312 1721 ob
1340 1681 1395 1721 os
1427 1678 1635 1737 impurae
1667 1679 1844 1723 beluae.

690 1754 785 1803 TH.
818 1752 947 1809 Quid
979 1754 1216 1799 iubeami’.
1264 1756 1358 1801 TR.
1392 1755 1434 1799 ei
1462 1754 1646 1799 homini
1678 1758 1867 1814 argento
1898 1769 1950 1799 os
1985 1753 2278 1812 verberarier.

566 1834 625 1877 93
694 1832 785 1876 ΒΑ.
822 1831 1041 1876 Perfacile
1076 1848 1159 1893 ego
1194 1833 1310 1878 ictus
1341 1832 1579 1893 perpetior
1609 1835 1861 1892 argenteos.

568 1912 626 1954 97
694 1911 792 1954 TR.
824 1908 1012 1953 Audin?
1045 1910 1287 1954 videturne
1317 1911 1510 1960 obsecro
1544 1910 1699 1954 heoele
1727 1908 1948 1966 idoneus,

566 1974 630 2030 <38
698 1986 884 2030 Danista
918 1988 999 2045 qui
1032 1987 1089 2030 sit
1100 2020 1114 2044 ,
1146 1991 1290 2046 genus
1322 1986 1454 2046 quod
1486 1988 1968 2046 improbissumumsti'

573 2062 634 2106 99
698 2063 790 2108 TH.
823 2063 924 2108 Non
959 2066 1042 2122 ego
1078 2064 1157 2122 pol
1190 2064 1306 2108 istuc
1338 2067 1479 2121 curo,
1508 2065 1589 2123 qui
1617 2065 1705 2121 >sit2,
1737 2063 1864 2108 unde
1899 2064 1979 2120 sit3

541 2144 631 2186 100
698 2139 750 2184 ld
776 2140 882 2184 volo
918 2140 982 2184 mi
1017 2149 1220 2184 actutum
1255 2140 1372 2198 diei,
1404 2140 1454 2185 id
1481 2157 1557 2185 me
1584 2142 1700 2186 scire
1733 2146 1926 2201 expeto:

565 2216 627 2261 94
695 2217 839 2273 Quod
867 2217 979 2261 illud
1006 2221 1320 2277 argentumsti)
1383 2223 1474 2267 TR.
1510 2223 1645 2267 huice
1684 2223 1825 2268 debet
1857 2225 2144 2269 Philolaches

562 2295 623 2338 95
690 2294 917 2337 Paullum.
983 2295 1078 2338 ΤΗ.
1115 2297 1427 2354 quantillum?
1490 2300 1584 2343 TR.
1620 2300 1749 2359 quasi
1782 2299 2085 2360 quadraginta
2113 2301 2276 2344 minas.

563 2372 624 2416 96
688 2371 782 2416 TH.
816 2371 1027 2415 Paullum
1060 2371 1108 2415 id
1143 2371 1408 2432 quidemst?
1470 2377 1563 2421 TR.
1599 2392 1657 2420 ne
1690 2380 1799 2421 sane
1834 2377 1884 2421 id
1918 2378 2112 2421 multum
2145 2381 2341 2422 censeas.

534 2452 619 2493 101
689 2448 780 2493 TH.
815 2447 1121 2492 Adeo‘etiam
1151 2451 1326 2509 argenti
1360 2451 1517 2496 faenus
1550 2453 1776 2498 creditum
1810 2453 1983 2498 audio?

437 2528 503 2572 De
537 2527 725 2588 singulis
759 2541 899 2587 quam
935 2535 1099 2586 potero
1134 2527 1402 2572 brevissime
1435 2529 1602 2574 dicam.
1667 2531 1742 2576 Vv.
1778 2533 1851 2576 90.
1886 2536 1940 2578 91
1978 2533 2045 2576 sic
2075 2532 2167 2576 fere
2199 2533 2393 2592 scriptos
2425 2533 2512 2576 Pa-

438 2605 564 2649 latini
595 2603 782 2650 codices
811 2604 1053 2651 exhibent:
1086 2603 1293 2650 ‘obsecro
1328 2605 1484 2655 hercle
1517 2608 1616 2652 iubi
1640 2608 1732 2653 Obi
1765 2618 2002 2669 argentum
2034 2611 2217 2656 obosim
2251 2626 2395 2670 purae
2427 2611 2512 2655 be-

436 2681 560 2726 luae'.
624 2681 801 2741 ‘Obici'9
837 2681 969 2742 quod
1001 2691 1068 2727 est
1100 2683 1149 2727 in
1172 2683 1460 2744 interpolatis
1490 2678 1646 2743 libris,
1676 2685 1892 2730 Italorum
1926 2687 2190 2732 coniectura
2226 2687 2507 2746 redintegra-

439 2767 539 2803 tum
573 2768 649 2804 est.
715 2757 976 2803 Commode
1009 2761 1264 2818 inventum,
1293 2760 1375 2805 sed
1409 2762 1652 2821 perperam
1686 2763 1960 2809 collocatum
1993 2764 2123 2810 ‘huie'
2156 2766 2214 2810 ab
2248 2763 2507 2809 Camerario

436 2836 694 2882 ascivimus.
739 2861 800 2870 —-
847 2837 896 2882 V.
931 2840 993 2884 92
1032 2853 1131 2882 non
1172 2837 1355 2884 videtur
1399 2839 1726 2901 Theuropides
1771 2840 1983 2886 ‘Iubeam’
2031 2844 2311 2902 interrogare
2357 2857 2506 2902 posse»

437 2912 659 2959 Nondum
696 2916 818 2959 enim
851 2922 958 2959 aute
991 2913 1146 2959 audita
1178 2903 1425 2960 Tranionis
1456 2917 1621 2975 verba,
1654 2918 1823 2978 quibus
1856 2918 1934 2964 hic
1968 2934 2025 2964 ne
2058 2920 2194 2979 plane
2237 2918 2428 2979 quidem
2464 2928 2509 2963 et

436 2990 709 3049 simpliciter
743 2990 857 3049 quid
889 2992 1046 3035 iubeat
1078 2992 1328 3050 eloquitur,
1359 2991 1409 3036 id
1442 2993 1512 3051 agi
1546 2994 1787 3038 resciverat
1813 2993 2155 3053 Theuropides‚
2185 3004 2237 3038 ut
2267 3004 2507 3056 argentum

435 3067 699 3110 solveretur.
768 3065 925 3125 anue
956 3067 1055 3125 ipsa
1086 3081 1240 3112 caussa
1275 3076 1366 3125 est,
1406 3083 1486 3113 cur
1526 3084 1657 3115 suum
1703 3070 1815 3115 illud
1858 3070 2061 3128 iussum,
2099 3071 2229 3129 quod
2262 3087 2433 3118 novum
2452 3079 2510 3117 ‘et
