2849 3591
1019 147 1106 178 ’--
1170 140 1234 191 49
1295 166 1355 183 -ε-

188 273 451 323 coniectura
476 268 848 335 posit-immina·
873 281 1049 316 caussas
1072 270 1564 331 stuprasexplicnvimus.
1580 295 1640 303 —-
1675 273 1723 318 V.
1742 275 1801 319 58
1824 268 1957 322 ‘hinc'
1972 274 2236 332 instruunt

188 366 230 397 v.
248 354 394 397 51.-
426 344 727 401 Y.„59‚2{illum·
744 342 967 407 'cognosci
999 346 1049 391 in
1076 342 1232 394 Δαῶν·
1260 346 1429 409 potua,
1456 349 1586 409 quod
1606 366 1712 397 casu
1737 350 1903 397 factum
1935 360 1986 396 ut
2014 351 2151 397 etiam
2186 351 2235 397 in

188 429 481 495 interpolatis·
485 424 669 485 ‘affl-1¹
647 426 856 487 tegatur.
914 420 1080 471 ‘’illunc
1111 417 1220 474 Dec.
1254 433 1302 472 et
1321 428 1438 486 Vet.,
1464 426 1548 473 sed
1576 426 1656 472 hic
1684 443 1719 472 n
1747 442 1772 471 e
1805 443 1920 474 corr.
1962 430 2101 475 Mox‘
2108 428 2235 491 euge’

187 505 520 569 geminandum
546 498 655 552 ffi'it.
678 526 753 550 --.
767 501 852 548 Vv.
881 502 957 548 65.
985 502 1046 547 66
1088 502 1264 549 restitui
1302 503 1470 564 partim
1501 502 1564 553 de
1603 503 1867 551 coniectura
1904 507 2069 564 partim
2101 506 2234 554 codi-

192 602 295 653 cum
336 581 429 634 fide
462 580 582 628 iuter
614 595 662 626 se
693 580 976 629 collatorum.
1038 578 1091 627 Ιιι
1124 578 1427 628 ambrosiano
1459 581 1575 627 haec
1606 581 1693 643 legi
1730 589 2000 641 potuerunt:
2035 581 2233 638 QUIDA.

189 659 573 710 s..UOMN1UM;
587 658 721 703 OML
739 643 1072 707 UM'EAETBRR
1100 655 1149 702 h.
1180 671 1221 703 e.
1250 655 1390 714 ‘Quid
1420 659 1485 703 ais
1506 664 1578 706 .’tu
1610 660 1720 714 (an‘
1722 667 1805 705 tun
1808 651 1901 712 '‘i‘)
1907 659 2115 708 omnium
2142 660 2233 704 ho·-

189 741 367 786 minum
403 726 703 801 aeternam&
766 734 819 781 In
861 736 991 791 Pall„
1013 742 1058 781 et
1096 732 1169 779 ed.
1212 745 1281 796 pr.
1317 743 1385 781 est
1415 734 1555 791 ‘Quid
1585 744 1635 784 tu
1661 736 1909 783 hominnm
1940 737 2151 782 omnium
2191 739 2235 781 ι’

191 817 292 871 (nisi
336 812 466 878 quod
497 808 616 872 Dec.
649 807 936 872 {hominem}
969 811 1044 859 ed.
1074 828 1146 874 pr.
1175 809 1404 867 ‘deteri-.':)
1438 814 1488 857 in
1514 813 1629 873 Lips.
1660 813 1801 871 Quid
1827 822 1877 859 tu
1906 814 2113 860 omnium
2146 814 2235 861 ho-

191 896 366 941 minum
391 885 448 939 d.
475 888 610 938 Vides
637 889 771 953 igitur
786 883 956 934 ‘'homo
982 890 1114 951 vulgo
1142 890 1440 951 praemissum
1465 890 1676 936 codicum
1700 890 1793 937 fide
1823 890 2033 938 destitui.
2063 892 2235 954 alioqui

192 989 287 1018 non
319 960 617 1016 incommode
644 968 834 1013 scribas.
883 966 1022 1023 ‘Quid
1054 967 1152 1011 ais}>
1178 976 1286 1027 tun,
1318 961 1463 1013 homo
1491 968 1736 1013 hominum
1771 971 1979 1016 omnium
2010 965 2054 1015 t'.
2119 971 2236 1016 Pro-

191 1052 314 1095 ximo
339 1062 471 1093 versu
501 1043 569 1092 ‘'te
601 1046 786 1092 accessit
813 1060 838 1090 e
859 1046 967 1090 Pall.
957 1078 987 1105 .,
1019 1060 1104 1106 pro
1138 1060 1232 1113 quo
1260 1044 1336 1090 ‘’tu
1368 1045 1486 1105 Lips.
1549 1045 1619 1090 ‘Se
1652 1055 1892 1091 extentare'
1923 1047 2104 1094 videtur
2134 1058 2239 1095 tan-

190 1114 379 1173 tundem
405 1140 499 1168 esse
527 1139 579 1167 ac
597 1124 661 1166 ‘se
689 1119 873 1179 inflare',
893 1121 1002 1167 ‘sloh
1028 1123 1147 1167 breit
1163 1123 1381 1169 machen'.
1416 1121 1480 1167 Cf
1499 1132 1655 1169 tamen
1675 1125 1836 1169 Bacch.
1854 1125 1922 1183 IV,
1942 1132 1984 1179 2,
2001 1130 2049 1170 2.
2075 1126 2237 1172 alieno

191 1205 306 1249 vires
354 1210 454 1245 tuas
503 1208 701 1243 extentes
746 1197 890 1242 ostio'.
927 1222 982 1230 —-
1026 1201 1103 1244 Vv.
1138 1199 1197 1244 67
1233 1215 1336 1259 sqq.
1380 1199 1429 1246 in
1471 1199 1773 1246 Ambrosiano
1805 1218 1991 1262 prorsus
2025 1204 2239 1247 evanidos

191 1283 281 1328 iam
313 1280 541 1341 attigimus
573 1293 671 1339 cap.
700 1277 754 1335 II,
787 1282 824 1327 §.
855 1280 896 1321 3.
944 1275 1087 1321 Nimis
1118 1276 1274 1337 inepta
1308 1284 1412 1323 sunt
1445 1292 1563 1338 quae
1592 1292 1617 1323 c
1639 1276 1875 1324 codicibus
1907 1280 2109 1342 profecta
2141 1273 2241 1325 vulss

191 1367 368 1421 gantur,
401 1371 539 1418 quam
573 1356 740 1417 quibus
772 1355 1028 1415 singulatim
1063 1354 1340 1415 exagitandis
1368 1370 1556 1415 operam
1574 1353 1782 1415 perdam.
1834 1357 1923 1402 Nec
1945 1358 2027 1403 has
2047 1357 2239 1418 quidem

191 1438 372 1481 lacunas
404 1433 646 1496 supplendi
681 1447 821 1493 opera
857 1432 978 1476 Italis
1018 1434 1262 1492 processit,
1296 1432 1376 1493 qui
1416 1448 1664 1477 vacuorum
1706 1433 1953 1494 spatiorum
1998 1436 2239 1482 intervallis

193 1515 405 1576 neglectis
437 1529 477 1556 V.
511 1514 571 1556 68
598 1510 752 1571 ‘quod'
781 1527 866 1569 pro
900 1507 1021 1573 ‘quo’
1051 1518 1317 1569 posuerunt,
1351 1510 1465 1554 nihil
1499 1519 1688 1571 egerunt
1728 1526 1769 1555 v.
1805 1512 1888 1569 69,
1920 1529 1957 1557 v.
1997 1516 2053 1558 70
2083 1509 2239 1571 ‘Quoi’

192 1595 240 1638 in
271 1586 420 1650 ‘Quin’
453 1598 626 1660 mutato
658 1585 826 1649 ‘potius
854 1584 975 1631 dare’
1007 1585 1304 1634 inseruerunt.
1340 1614 1398 1620 —
1430 1589 1476 1633 V.
1512 1589 1572 1634 63
1606 1587 1798 1633 duarum
1827 1590 2071 1632 lectionum
2105 1593 2235 1653 optio

194 1670 298 1716 data
329 1678 416 1713 est:
449 1669 552 1712 ‘hoc
584 1668 724 1711 verbo
767 1666 915 1725 eripis‘
957 1675 1002 1710 et
1031 1665 1134 1711 ‘hoc
1175 1666 1365 1711 verbum
1409 1665 1570 1727 eripit'.
1646 1665 1762 1711 Illud
1806 1682 1907 1710 cum
1948 1668 2236 1714 Ambrosiani

195 1748 461 1793 auctoritate
494 1744 679 1788 defendi
710 1743 937 1800 videatur,
970 1753 1021 1788 ut
1053 1744 1099 1788 in
1149 1760 1243 1803 quo
1264 1751 1524 1804 'appareant
1557 1743 1652 1789 ER.
1676 1774 1685 1785 .
1708 1775 1717 1785 .
1737 1744 1766 1789 S
1809 1745 2004 1804 litterae,
2046 1748 2237 1791 alterum

193 1833 349 1870 tamen
380 1824 513 1880 ratio,
546 1824 582 1865 si
610 1820 732 1881 'quid
762 1819 922 1878 video,
954 1822 1120 1866 evincit
1151 1837 1307 1866 verum
1342 1837 1457 1879 esse,
1498 1820 1803 1882 ducimurque
1843 1837 1895 1865 eo
1930 1823 2235 1869 Palatinorum

193 1902 411 1962 vestigiiS,
435 1914 634 1960 quorum
669 1898 717 1941 in
750 1897 858 1941 Dec.
894 1907 960 1941 est
986 1896 1087 1943 ‘hoc
1118 1898 1258 1944 verbo
1293 1897 1456 1958 eripit',
1483 1897 1612 1958 quod
1630 1899 1796 1942 mirere
1816 1900 1980 1943 Bothio
2001 1902 2235 1961 placuisse,

194 1980 241 2024 in
268 1981 365 2025 Vet.
387 1977 501 2038 fhoc
532 1977 673 2021 verbo
707 1972 893 2037 eripite’,
925 1976 1007 2020 sed
1038 1985 1088 2020 ut
1120 1985 1370 2020 extremum
1403 1990 1429 2021 e
1456 1975 1513 2019 sit
1546 1990 1570 2024 e
1602 1984 1873 2031 correctura.
1894 2002 1951 2009 -—
1987 1979 2145 2023 Versus
2164 1983 2236 2037 73,

196 2073 250 2103 eo
286 2072 379 2117 quo
412 2063 634 2124 nuncbest
663 2054 767 2099 loco
800 2069 884 2098 nec
918 2054 1079 2099 Pistori
1112 2068 1197 2097 nec
1229 2053 1396 2097 Bothio
1428 2050 1679 2097 tolerabilis
1709 2053 1851 2112 visus,
1884 2063 2096 2114 potuerat
2135 2059 2237 2117 qui-

196 2134 301 2180 dem
336 2134 472 2177 etiam
505 2140 611 2176 ante
640 2147 680 2175 v.
717 2135 774 2174 77
804 2132 922 2175 salva
953 2131 1174 2176 sententia
1207 2130 1437 2175 collocari.
1480 2138 1761 2196 postponere
1793 2131 1958 2177 iccirco
1990 2134 2155 2192 malui,
2187 2142 2239 2176 ut

198 2227 293 2256 non
321 2210 601 2254 mediocrem
635 2209 983 2253 constructionis
1012 2208 1226 2254 duritiem
1238 2208 1465 2266 lenirem,
1498 2223 1590 2269 qua
1621 2222 1646 2251 a
1678 2209 1810 2252 tertia
1829 2209 2098 2254 aid-alteram
2131 2226 2238 2271 per-

198 2303 355 2333 sonam
383 2278 561 2347 neque'
594 2285 840 2346 particulae
866 2285 1047 2329 vinculo
1070 2285 1361 2330 transii-:etur
1387 2285 1677 2344 ‘nescit—,
1708 2301 1857 2346 neque
1888 2295 1942 2330 te
1974 2288 2236 2331 taetriorem

198 2367 315 2411 vidi’.
365 2364 550 2422 Quanto
585 2363 706 2409 enim
736 2363 1001 2408 concinnius
1032 2363 1147 2409 haec
1180 2364 1299 2409 inter
1330 2378 1376 2408 se
1409 2372 1597 2408 coeunt:
1630 2364 1690 2407 tu
1716 2364 1832 2407 solus
1854 2363 2055 2421 —datas,
2086 2380 2237 2424 neque
2303 2368 2306 2371 ’

197 2454 243 2488 te
273 2443 534 2487 taetriorem
567 2440 703 2485 vidi'i‘
739 2464 795 2471 -
828 2442 877 2485 V.
910 2441 967 2485 78
999 2440 1234 2486 ‘veterator
1267 2438 1431 2502 neque’
1461 2457 1486 2485 e
1525 2442 1872 2501 corruptissimis
1911 2444 2106 2502 vestigiis
2153 2444 2239 2488 Ca-

197 2520 414 2565 merarius
442 2519 695 2565 extricavit:
726 2517 867 2563 ‘uetro
901 2526 945 2563 te
976 2515 1139 2580 neque’
1172 2519 1298 2577 Dec.,
1328 2518 1472 2563 ‘Vetro
1500 2526 1604 2561 tene
1638 2517 1739 2577 que'
1765 2520 1877 2575 Vet.,
1904 2513 2084 2563 ‘uetero'
2114 2520 2239 2566 idem

199 2599 248 2644 in
278 2598 497 2658 margine,
521 2594 670 2642 ‘uerro
703 2604 747 2640 te
777 2602 938 2656 neque'
974 2597 1118 2657 Lips.,
1142 2598 1298 2641 ‘uento
1342 2605 1387 2640 te
1427 2601 1588 2655 neque'
1630 2594 1699 2658 ed.
1745 2596 1888 2656 princ.
1967 2596 2130 2642 Mirum
2175 2608 2242 2644 est

200 2683 349 2718 autem
382 2672 511 2735 quod
542 2674 590 2718 in
622 2672 776 2718 Ambr.
811 2682 998 2733 apparet
1028 2673 1165 2718 huius
1196 2688 1347 2718 versus
1386 2674 1590 2717 initium:
1633 2673 1749 2718 UNO
1779 2704 1790 2715 .
1825 2705 1835 2716 .
1864 2674 2082 2734 NEQUE,
2127 2694 2240 2737 quas

196 2753 364 2797 litteras
397 2753 555 2797 frustra
589 2752 789 2812 quaesivi
823 2752 903 2811 qui
938 2750 1211 2811 expedirem.
1246 2774 1303 2783 —
1345 2752 1393 2795 V.
1424 2754 1482 2796 80
1520 2751 1607 2795 ‘me
1638 2760 1689 2795 tu
1721 2751 1825 2794 istis'
1852 2752 2058 2813 vulgatur
2092 2770 2116 2797 e
2152 2756 2239 2798 De-

199 2838 373 2874 curtato
408 2833 581 2891 quique
615 2847 667 2874 ex
695 2847 750 2874 eo
785 2822 967 2874 codices
999 2827 1222 2890 pendent:
1255 2826 1340 2874 ‘me
1374 2828 1468 2874 istis
1498 2829 1561 2873 tu’
1594 2828 1666 2873 ed.
1696 2844 1784 2890 pr.‚
1815 2829 1901 2874 ‘me
1933 2840 1985 2875 tu
2012 2833 2237 2889 tuis'Vet.,

196 2907 281 2951 ‘me
313 2908 416 2950 istis·
449 2908 602 2951 Ambr.
668 2906 759 2962 Qui
793 2917 837 2950 et
862 2905 963 2951 ‘me'
995 2916 1038 2952 et
1067 2902 1138 2952 ‘tu'
1171 2921 1346 2951 servare
1376 2905 1586 2964 voluerit,
1616 2907 1857 2952 nobiscum
1886 2917 2151 2970 transponat
2178 2908 2237 2951 ‘tu

197 2985 281 3027 me‘
315 2988 574 3045 oportebit,
608 3003 743 3043 quem
776 2983 985 3028 ordinem
1029 2992 1150 3029 certa
1188 2980 1410 3044 loquendi
1449 2983 1735 3029 consuetudo
1777 2984 2000 3048 efflagitat.
2073 2984 2234 3040 Quan-

1836 3067 1861 3104 7
