2849 3591
1336 211 1644 254 -16-

463 335 522 382 de
549 350 671 381 nexu
701 348 799 379 uon
831 334 891 380 sit
924 335 1063 380 ni-is
1100 333 1387 380 timendum„
1440 335 1565 379 Nam·
1587 334 1634 379 id
1665 335 1817 396 ipsum
1856 334 2000 396 agitur
2029 335 2264 395 profecto,
2291 346 2342 380 ut
2372 338 2520 381 subita

468 415 530 456 eri
562 413 895 458 acclamatione
927 413 1139 457 sedulum
1181 412 1372 472 aliquod
1402 411 1649 458 Tranionis·
1677 412 1782 457 sive·
1800 410 2134 457 >cum··-da'nista
2174 412 2269 456 sive
2312 427 2416 456 cum
2447 416 2519 464 si-

463 505 605 534 mone
634 490 922 551 colloquium
951 491 1289 552 interpelletur,
1328 504 1483 535 servus
1513 498 1698 548 autem,>
1741 490 2041 550 quamvis'se
2070 489 2409 534 obsecuturum
2447 507 2522 534 re-

464 566 733 626 spondens,
762 576 918 612 tamen
953 568 1001 612 in
1032 568 1288 625 intercepto
1332 581 1547 623 sermon-e
1589 576 1838 627 parumper
1876 567 2046 627 pergat.
2066 595 2068 599 ·
2090 580 2095 585 ·
2121 567 2524 611 Vemmenimvero
2590 593 2593 596 «

464 644 596 690 bono
631 653 797 705 poetae
829 647 1050 705 quoniam
1081 645 1129 688 in
1162 645 1260 703 ipsa
1294 645 1552 689 imitatione
1592 645 1710 689 vitae
1751 642 2249 704 quotidianae'tamen
2288 644 2398 689 illud
2442 661 2523 689 cu-

468 722 667 769 randum
702 732 789 781 est,
818 732 869 768 ut
901 739 959 767 ne
993 723 1147 781 inepte
1180 722 1411 781 imitetur,
1454 723 1492 767 is·
1535 723 1596 769 de
1619 733 1733 783 -quo
1772 723 2145 782 agimur-ivenus
2192 723 2319 767 credi
2364 725 2524 783 nequit

470 811 578 861 post
610 801 681 860 111,
712 806 756 859 2,
789 804 847 845 32
879 801 1055 861 positus
1081 800 1242 844 fuisse:
1275 801 1357 844 ubi
1390 798 1579 861 quidem
1605 799 2118 859 ·vix·institui2·eo·eptm
2134 813 2287 843 sermo
2317 799 2525 859 quidam,

469 880 552 937 qui
587 894 681 937 quo
724 892 933 921 evasurus
965 878 1023 920 sit
1061 893 1250 935 prorsus
1291 878 1455 934 lateat,
1500 877 1859 936 inter-rumpatur
1900 875 2305 935 importunissime.
2376 876 2525 932 Quod

467 971 573 999 cum
609 954 891 999 Camerarius
922 971 1029 997 vere
1061 955 1277 1012 sensisse,
1304 971 1404 999 non
1435 964 1591 997 tamen
1626 956 1867 999 continuos
1890 954 1949 997 ad
1982 954 2118 996 aliam
2152 968 2333 996 scenam
2376 962 2524 997 trans-

466 1031 584 1076 ferre
618 1029 832 1075 debebat.
902 1031 956 1076 Et
988 1041 1210 1091 repugnat
1242 1032 1391 1091 ipsum
1435 1041 1634 1076 metrum
1675 1031 2033 1075 evidentissime:
2076 1031 2186 1090 fugit
2219 1032 2342 1074 enim
2369 1031 2523 1081 illum,

466 1107 748 1150 trochaicam
785 1124 1044 1170 mensuram
1078 1107 1171 1150 ‘eia’
1204 1109 1473 1167 particulam
1507 1120 1705 1168 aequare
1739 1116 1785 1151 et
1814 1116 2005 1151 accentu
2036 1108 2396 1167 inpaenultima
2437 1123 2522 1152 no-

463 1184 551 1227 tari
577 1183 646 1237 *):
681 1201 705 1227 e
746 1201 841 1244 quo
873 1185 1173 1245 consequitur
1210 1200 1308 1228 non
1339 1186 1590 1229 iambicum
1634 1197 1815 1227 ,versum
1860 1188 1996 1242 esse‚·
2023 1192 2075 1229 ut
2118 1185 2322 1245 reliquos
2365 1199 2526 1230 scenae

464 1262 660 1321 primae,
693 1261 773 1305 sed
806 1262 1041 1319 creticum,
1074 1263 1180 1306 satis
1213 1276 1318 1306 eum
1353 1270 1400 1305 et
1432 1262 1524 1306 leni
1558 1270 1603 1305 et
1635 1269 1758 1306 certa
1792 1260 2123 1306 emendatione
2157 1262 2221 1306 sic
2252 1261 2442 1322 pridem
2467 1263 2527 1307 ab

464 1339 725 1382 Hermanno
759 1339 900 1383 Elem.
932 1338 1076 1385 doctr.
1111 1349 1242 1384 metr.
1277 1355 1323 1401 p.
1359 1343 1447 1385 ‘217
1482 1339 1762 1383 restitutum:

835 1418 924 1462 ΤΗ.
958 1403 1036 1463 lita
1069 1419 1275 1479 mastigia
1304 1418 1363 1464 ad
1396 1422 1470 1462 me
1502 1417 1615 1462 redi.
1679 1418 1764 1463 TR.
1799 1418 1890 1462 iam
1922 1419 2015 1462 isti
2048 1433 2142 1462 ero.

461 1497 601 1555 Atqui
622 1496 736 1540 ⁴hinc
760 1497 959 1555 relegato
996 1498 1190 1540 molesto
1225 1496 1563 1556 versiculoqui
1593 1495 1780 1539 tandem
1816 1497 1921 1540 satis
1950 1505 2118 1540 coeunt
2143 1497 2344 1557 contigui
2372 1512 2526 1540 versus

458 1579 517 1619 70
557 1583 602 1617 et
631 1574 732 1618 729
794 1574 906 1619 Nam
940 1583 1045 1635 post
1079 1574 1283 1619 danistae
1315 1576 1454 1619 verba
1485 1575 1612 1635 ‘quin
1648 1590 1743 1628 non
1774 1574 1896 1636 peto’
1930 1590 2115 1635 prorsus
2151 1583 2331 1635 praeter
2369 1590 2528 1635 exspe-

463 1652 712 1695 ctationem
737 1665 848 1695 sane
870 1652 1037 1696 Tranio
1070 1651 1298 1696 ‘molestus
1331 1667 1391 1696 ne
1422 1650 1493 1696 sis’
1527 1651 1684 1697 infert:
1719 1651 1907 1712 quando
1936 1653 2016 1713 qui
2044 1651 2159 1713 petit
2191 1652 2359 1713 potius,
2388 1667 2526 1713 quam

463 1731 542 1787 qui
577 1745 668 1772 non
700 1730 830 1788 petit,
864 1730 1121 1773 molestiam
1155 1730 1353 1773 exhibet.
1418 1731 1509 1774 Nec
1538 1731 1633 1774 hoc
1666 1730 2012 1775 incommodum
2045 1732 2136 1774 ullo
2176 1730 2318 1774 modo
2354 1732 2525 1791 proba-

464 1807 615 1850 biliter
650 1808 704 1850 iis
741 1807 1077 1867 transponendi
1111 1808 1337 1852 machinis
1380 1809 1450 1853 vel
1484 1809 1671 1854 Pistoris
1708 1809 1777 1853 vel
1812 1809 1964 1853 Bothii
2006 1809 2236 1853 sublatum
2281 1816 2374 1866 est,
2408 1822 2524 1868 quas

538 2039 585 2084 *J
616 2037 735 2076 Vnum
766 2042 823 2076 est
853 2039 954 2087 quod
980 2049 1194 2089 repugnare
1223 2040 1372 2080 videtur
1398 2044 1608 2093 exemptum
1632 2043 1747 2081 Mero.
1777 2044 1821 2090 V,
1851 2042 1890 2091 4,
1919 2043 1991 2081 38:

711 2104 780 2141 LY.
811 2104 887 2142 Ora
918 2109 959 2142 ut
985 2105 1158 2154 ignoscat
1184 2106 1333 2148 delictis
1361 2110 1443 2148 eius
1472 2114 1584 2161 atque
1611 2111 1907 2150 adulescentiae.

714 2173 791 2210 DE.
811 2173 947 2224 Pergin
976 2178 1014 2213 tu
1042 2177 1197 2217 autem?
1227 2177 1284 2214 eiii
1314 2181 1477 2227 superbe
1506 2180 1715 2218 invehere?
1743 2189 1856 2229 spero
1889 2189 1963 2229 ego
1992 2178 2080 2216 mihi
2110 2187 2259 2228 quoque

716 2240 877 2291 Tempus
908 2241 979 2280 tale
1014 2247 1234 2282 eventurum
1264 2257 1297 2283 e.
1328 2259 1363 2295 q.
1392 2258 1425 2285 s.

621 2308 715 2348 Nolo
745 2321 767 2347 e
809 2310 1063 2350 collocatione
1091 2313 1298 2362 particulae
1330 2315 1605 2364 argumentari:
1644 2313 1775 2351 fortius
1814 2325 1896 2351 eam
1934 2326 1955 2351 a
1997 2314 2203 2351 memoriae
2242 2313 2315 2352 fide
2356 2316 2521 2354 adorior.

621 2376 699 2415 Nec
727 2377 826 2415 enim
852 2377 938 2417 ‘eia‘
966 2378 1027 2417 vel
1053 2378 1093 2418 in
1120 2379 1257 2419 Vetere
1285 2380 1345 2420 vel
1373 2382 1410 2420 in
1430 2381 1633 2420 Decurtato
1660 2385 1794 2429 exstat,
1821 2380 1943 2419 sedin
1970 2378 2044 2419 hoc
2062 2384 2120 2418 est
2141 2377 2241 2428 ‘hia’‚
2272 2382 2310 2420 in
2334 2378 2525 2421 illo‘hnc’.

623 2444 729 2482 Vnde
758 2448 953 2496 profectus
978 2446 1135 2486 Bothius
1165 2449 1334 2499 scripsit:
1358 2447 1508 2500 ‘Pergin
1537 2453 1574 2487 tu
1602 2454 1726 2488 autem
1752 2449 1791 2488 in
1822 2448 1921 2488 hunc
1950 2448 2110 2499 superbe
2141 2447 2320 2489 invehere
2331 2449 2364 2488 ‘?’
2400 2449 2523 2499 dupli-

624 2514 719 2549 citer
745 2514 895 2562 quidem
924 2516 1062 2565 lapsus.
1118 2517 1211 2554 Nam
1242 2520 1281 2553 et
1304 2515 1357 2554 ‘in
1387 2514 1496 2553 hund
1525 2521 1582 2554 est
1612 2517 1781 2555 curvhoc
1800 2517 1906 2555 “loeo
1942 2516 2076 2555 merito
2112 2516 2308 2566 displiceat
2346 2526 2416 2567 pro
2437 2514 2526 2554 ‘me'

622 2581 809 2629 positum:
843 2582 994 2622 multum
1021 2584 1121 2621 enim
1152 2584 1277 2622 differt
1312 2583 1731 2634 praegressum-‘hune
1759 2594 1890 2622 senem
1903 2582 1924 2621 :²
1960 2587 1998 2621 et
2027 2584 2221 2623 soloecum
2258 2589 2318 2624 est
2358 2594 2403 2625 ac
2442 2584 2525 2624 sine

619 2650 792 2698 exemplo
826 2648 1040 2689 ‘invehere'
1066 2652 1241 2691 activum.
1317 2652 1471 2691 Duabus
1508 2652 1704 2696 litterulis,
1740 2660 1837 2701 quae
1876 2650 2111 2699 exciderint,
2151 2653 2341 2691 revocatis
2377 2661 2522 2690 mecum

622 2717 772 2756 scribe:

718 2784 857 2835 Pergin
885 2790 923 2823 tu
949 2787 1108 2824 autem?
1138 2787 1299 2838 [athUc
1327 2786 1491 2837 superbe
1519 2785 1736 2840 invehere?
1763 2796 1796 2823 e.
1826 2797 1861 2835 q.
1889 2780 1919 2823 s'ss

626 2847 728 2888 Nulla
756 2856 879 2915 autem
911 2858 1091 2894 accentus
1118 2853 1280 2894 offensio
1308 2855 1346 2893 in
1377 2847 1566 2918 concursu
1594 2846 1701 2892 tri'ur'n
1730 2852 1899 2892 brevium
1929 2854 2153 2904 syllabarum
2181 2852 2263 2891 Cas.
2292 2854 2349 2903 ll,
2378 2855 2423 2902 3,
2454 2855 2519 2893 14:

721 2917 789 2958 Eia
815 2932 899 2961 mea
930 2920 1023 2960 luno
1051 2921 1128 2961 nen
1157 2922 1270 2963 decet
1296 2927 1370 2963 tam
1400 2919 1542 2963 tristem
1571 2923 1608 2962 te
1637 2923 1724 2962 esse
1751 2921 1813 2961 tuo
1845 2921 1945 2972 Iovi:
1995 2968 1998 2971 ,

621 2984 703 3033 (vel
731 2985 782 3025 ‘te
810 2991 884 3027 tam
907 2990 1050 3029 tristem
1081 2989 1192 3039 esse‘,
1228 2992 1288 3032 vel
1321 3003 1403 3033 cum
1436 2992 1572 3034 Bothio
1594 2988 1698 3034 ‘esse
1727 2996 1763 3034 te
1791 2996 1866 3034 tam
1891 2992 2035 3033 tristem
2072 2993 2095 3031 t.
2127 2988 2184 3029 l.':
2221 3002 2306 3029 nam
2344 2990 2381 3030 in
2417 2988 2522 3031 libris

620 3059 679 3093 est
703 3052 756 3094 ‘te
779 3066 867 3095 esse
893 3061 968 3096 tam
995 3059 1182 3107 tristem’).
