2849 3591
73 33 182 58 ffi‘·‚

0 61 133 90 fitz-

1318 220 1628 265 *30-

452 348 614 394 modis·
637 346 792 407 potuit
825 360 850 389 e
877 341 1200 391 recordatione
1231 343 1430 391 Plautini
1460 343 1723 404 versus-qui
1755 351 1823 389 est
1851 341 1967 389 Rud.
2000 343 2054 404 1,
2076 347 2129 403 ⁴2,
2159 344 2353 397 59511220
2392 349 2507 392 irre-

486 438 580 469 ere:
1180 455 1184 458 -
1433 434 1437 436 ’
1717 438 1720 442 ⁴
1958 439 1962 444 ·
2049 432 2053 436 ’
2086 441 2088 444 ·
2151 439 2154 441 ·
2245 448 2247 450 -
2474 436 2476 439 ’

451 441 481 485 p
696 499 1024 547 Deh'idiflcavit
1053 504 1130 546 me
1161 501 1236 546 ille
1268 500 1414 545 homo
1444 497 1644 561 indignis
1674 498 1840 545 modis.

449 576 735 638 Quanquam
770 576 1077 622 dissimulate
1089 577 1198 621 nolo
1229 576 1367 620 etiam
1389 576 1537 622 aliam
1549 587 1715 639 patere
1741 576 1999 640 corrigendi
2027 579 2162 624 viam.
2210 579 2365 624 Potuit
2382 579 2506 623 euim

448 666 695 716 perperam
730 656 901 700 iteratis
933 656 1112 713 verbis,
1144 669 1263 714 quae
1296 663 1402 699 sunt
1432 654 1811 744 ‘Deludificatust
1807 663 1912 704 me
1925 652 2095 715 hodie,
2125 655 2326 718 aliquod
2353 655 2507 701 hemi-

450 734 668 780 stichium
702 733 905 792 extrudi,
937 734 1059 778 velut
1091 733 1212 776 hoc..

1119 843 1121 846 -
1197 810 1285 855 ΤΗ.
1319 810 1465 855 immo
1489 810 1564 854 mi
1597 811 1850 857 exturbavit
1882 811 2052 858 Ouinia.
2109 822 2111 826 ’

579 891 639 933 39
706 888 1032 933 Deludificatus
1064 891 1131 931 est
1158 902 1233 931 me
1264 887 1408 932 hodie
1440 887 1640 948 indignis
1672 888 1837 934 modis.

699 966 762 1011 SI.
798 964 926 1022 Quid
957 974 1008 1010 tu
1041 966 1139 1010 aisi’
1201 965 1289 1010 ΤΗ.
1324 965 1439 1012 haec
1470 981 1548 1011 res·
1572 966 1638 1012 sic
1671 975 1738 1012 est
1758 975 1819 1012 ,ιιι
1851 981 1985 1013 narro
2007 967 2121 1012 tibi.

577 1043 632 1087 41
702 1043 1009 1104 [Disperdidit
1042 1042 1150 1088 med
1182 1044 1273 1095 ille]
1308 1044 1356 1088 in
1388 1046 1662 1105 perpetuom
1695 1043 1903 1090 modum.
1948 1065 1951 1067 ·

450 1121 503 1163 Et
538 1119 774 1164 fatendum
809 1129 876 1164 est
903 1130 1050 1179 certe,
1083 1122 1218 1180 longe
1251 1119 1542 1166 commodius
1562 1121 1786 1182 intelligi,
1815 1119 2056 1182 quomodo
2090 1121 2254 1182 aliquis
2297 1129 2507 1182 pereat

449 1195 509 1240 ‘in
543 1206 819 1256 perpetuum
856 1191 1058 1241 modum’
1090 1200 1155 1247 (ut
1189 1206 1255 1240 est
1283 1198 1411 1241 Most.
1446 1196 1518 1255 ΙΙΙ,
1540 1204 1592 1256 1,
1626 1201 1676 1241 5:
1716 1197 1858 1243 ‘Nunc
1886 1198 1968 1258 pol
1999 1212 2083 1257 ego
2123 1198 2240 1258 perii
2279 1199 2415 1258 plane
2459 1200 2508 1244 in

448 1282 725 1334 perpetuum
757 1268 1009 1332 modum'),
1040 1289 1178 1334 quam
1213 1275 1294 1334 qui
1327 1288 1374 1318 se
1414 1272 1536 1320 dicat
1566 1273 1719 1319 hodie
1752 1275 1802 1319 in
1833 1282 2107 1335 perpetuum
2134 1273 2326 1320 modum
2359 1274 2508 1320 ludi-

451 1350 689 1395 ficatum
724 1343 845 1394 esse'.

1313 1496 1667 1506 —au—-w—

1211 1640 1548 1682 CAPVT
1615 1639 1755 1683 111.

820 1757 1288 1818 Mantissa
1363 1759 2134 1819 emendationum.

1375 1914 1536 1978 '§.1.

581 2040 915 2100 Persequamur
947 2041 1147 2100 primum
1182 2039 1312 2100 quod
1346 2042 1394 2085 in
1426 2044 1817 2087 commentatione
1850 2044 2082 2103 tetigimus
2114 2051 2290 2087 tantum
2324 2041 2505 2103 p-Clsq.

452 2116 632 2162 Etenim
667 2118 964 2163 Mostellariae
996 2117 1069 2176 ΙΙΙ,
1099 2122 1130 2178 2
1164 2127 1268 2178 post
1301 2135 1478 2164 versum
1517 2120 1604 2164 129
1637 2120 1770 2179 vulgo
1804 2119 1853 2162 hi
1886 2120 2119 2179 leguntur:

520 2197 605 2239 130
640 2195 703 2239 Sl.
733 2196 819 2240 Vin
849 2197 930 2256 qui
963 2195 1229 2255 perductet.
1281 2197 1369 2239 TH.
1399 2213 1540 2257 apage
1571 2198 1706 2240 istum
1739 2195 2087 2256 perductorem:
2122 2212 2218 2241 non
2241 2197 2402 2258 placet.

638 2273 701 2317 sl.
739 2272 892 2331 Quid,
926 2272 1041 2333 quid
1076 2274 1173 2317 est?
1235 2273 1322 2319 TH.
1352 2274 1514 2318 errabo
1547 2273 1725 2333 potius,
1758 2287 1897 2333 quam
1931 2272 2172 2333 perductet
2205 2274 2453 2336 quispiam·

452 2348 562 2393 inde
594 2365 619 2393 a
652 2366 692 2394 v.
733 2354 818 2395 157
855 2359 1008 2395 autem
1039 2350 1111 2394 hi:

643 2428 706 2475 Sl.
740 2429 838 2474 Eho
871 2430 1040 2487 istum,
1069 2444 1207 2489 puer,
1239 2427 1530 2473 circumduce
1562 2429 1697 2472 hasce
1731 2429 1866 2473 aedes
1900 2438 1945 2473 et
1976 2430 2220 2476 conclavia.

640 2507 752 2550 Nam
784 2516 967 2567 egomet
999 2506 1262 2564 ductarem,
1294 2506 1379 2550 nisi
1413 2506 1527 2549 mihi
1556 2513 1668 2549 esset
1702 2505 1761 2549 ad
1792 2505 1940 2552 forum
1970 2506 2217 2566 negotium.

640 2585 727 2631 TH.
764 2585 915 2646 Apage
949 2586 1084 2629 istum
1118 2601 1143 2629 a
1177 2600 1252 2629 me
1286 2582 1637 2644 perductorem‚
1670 2584 1784 2627 nihil
1817 2599 1974 2628 moror
2006 2583 2244 2629 ductarier.

526 2663 606 2707 160
642 2647 889 2722 Quidquid
923 2671 1012 2720 est,
1041 2664 1204 2707 errabo
1240 2663 1420 2722 potius,
1456 2675 1595 2721 quam
1629 2660 1869 2720 perductet
1901 2661 2142 2722 quispiam.

642 2740 703 2785 SI.
738 2740 885 2785 Aedes
919 2740 1040 2784 dico.
1105 2741 1193 2783 TH.
1228 2756 1335 2800 ergo
1370 2739 1492 2782 intro
1527 2754 1582 2782 eo
1616 2740 1714 2783 sine
1747 2738 2033 2799 perductore.
2097 2740 2158 2784 Sl.
2192 2741 2206 2783 i
2235 2739 2350 2783 licet.

645 2816 728 2861 TH.
764 2817 846 2861 Ibo
880 2818 1001 2862 intro
1036 2817 1183 2877 igitur.
1221 2833 1259 2861 e.
1292 2833 1335 2876 q,
1368 2832 1401 2860 s.

452 2892 505 2935 Et
538 2882 716 2951 priores
745 2894 932 2951 quidem
967 2893 1084 2938 duos
1115 2909 1268 2938 versus
1303 2894 1361 2937 ab
1395 2893 1472 2936 illo
1508 2893 1611 2937 loco
1645 2893 1942 2937 alienissimos
1975 2908 2070 2938 esse
2101 2897 2236 2937 nemo
2265 2901 2331 2937 est
2364 2908 2502 2954 quem

450 2970 601 3028 fugiat.
670 2971 784 3029 Ergo
819 2971 986 3015 delevit
1021 2972 1261 3015 Gruterum
1296 2979 1476 3015 secutus
1507 2969 1712 3026 Boffiius,
1744 2978 1793 3013 ut
1821 2985 1845 3014 e
1877 2971 1971 3015 sola
1998 2971 2270 3029 repetitione
2291 2983 2500 3016 versuum

449 3049 549 3093 159.
590 3048 675 3093 160
712 3056 866 3105 οηοε,
899 3065 1017 3108 quos
1048 3058 1236 3109 apparet
1269 3062 1456 3109 prorsus
1487 3060 1569 3090 suo
1603 3045 1704 3090 loco
1740 3061 1834 3090 esse
1865 3047 2063 3106 positos:
2107 3061 2266 3106 parum
2310 3045 2358 3091 id
2390 3062 2501 3107 pro-
