2849 3591
1160 235 1519 292 ,φεμ-ψ>

290 350 407 394 secto
440 351 534 397 arti
558 353 899 418 convenienter:
924 384 935 387 —-
960 354 1073 404 Nam
1105 371 1188 400 nec
1221 356 1486 412 iterataffilla
1525 365 1650 402 sunt:
1683 357 1769 419 ‘rin
1802 360 1895 418 qui·
1927 360 1987 404 ab
2021 359 2155 405 initio
2175 374 2342 403 vversus

247 422 254 437 ¹
290 436 334 471 et
368 429 412 473 in
436 426 747 489 ‚ssuer‘placetg
777 445 863 473 nee
894 428 1037 475 videri
1071 441 1262 490 possunt
1302 433 1564 492 interpretis
1592 448 1709 478 esse:
1741 444 1792 478 ut
1822 444 1915 479 tam
1950 438 2171 496 exquisita
2204 437 2345 481 verba

290 515 334 549 et
366 506 412 550 in
444 506 715 553 sententiam
751 506 895 566 ipsam
937 508 1042 557 satis
1075 523 1275 571 congrua
1309 511 1746 555 nou-habeasssane
1784 511 1909 555 unde
1942 513 2168 572 irrepsisse
2202 514 2341 558 dicas.

286 585 448 636 Verum
483 583 663 642 longius
695 584 833 630 etiam
850 584 1569 645 „progrediendumdubitando:
1617 605 1723 634 nam
1767 606 1824 633 ne
1858 592 2112 649 posteriore
2150 592 2339 650 quidem

287 662 390 707 loco
412 661 562 726 *positi
594 676 744 723 versus
776 666 877 711 ‚158¹
901 670 990 724 'sqq
1034 664 1127 708 suis
1159 663 1500 721 difficultatibus
1533 668 1681 728 iisque
1712 669 1986 728 gravissimis
2019 677 2192 712 vacant.
2233 670 2341 713 ‘Du-

287 734 419 781 ctare'
453 746 496 781 et
524 737 791 798 ‘perductur'⁸
818 748 953 793 voces
971 741 1144 787 -volunt
1171 743 1388 803 ambigue
1417 742 1683 791 dictas,esse
1722 744 2162 803 ambiguitatemque
2195 744 2253 787 ad
2291 745 2338 788 id

285 825 488 878 spectare
518 818 647 879 quod
677 820 735 864 sit
765 818 922 864 ‘scorta
953 816 1168 866 ductare‘:
1206 829 1266 879 ut.
1287 822 1336 867 in
1364 822 1484 867 hanc
1514 831 1688 882 partem
1722 823 1926 866 Simonis
1957 823 2094 865 verba
2134 821 2340 866 Theuro-

288 894 419 954 pides
451 901 535 955 pe'r
559 897 725 941 'iocum
760 895 1083 956 interpretatus
1124 897 1182 942 ad
1226 884 1805 959 aediumcogitationem,
1846 916 1943 960 quo
1989 900 2062 944 illa
2106 900 2341 957 valuerint,

288 972 406 1016 serio
441 982 683 1018 revocetur
712 973 915 1028 Simonis
953 989 1172 1034 responso
1214 976 1360 1021 ‘aedes
1402 975 1533 1022 dico'.
1598 978 1777 1036 Largiar
1819 979 1891 1021 his
1932 978 2038 1022 satis
2077 986 2182 1036 apte
2223 979 2340 1021 necti

252 1039 262 1043 ⁶
291 1049 597 1110 Theuropidis
629 1051 765 1109 verba
800 1050 924 1112 'ergo
950 1051 1072 1098 iutro
1106 1068 1163 1098 eo
1195 1053 1293 1099 sine
1325 1051 1633 1113 perductore'3
1671 1053 1782 1097 illud
1817 1070 1908 1097 non
1943 1054 2213 1112 concedam,
2250 1070 2339 1099 non

288 1141 384 1170 esse
417 1126 823 1189 importunissime
850 1128 1138 1186 interiectum
1173 1128 1511 1173 illum-versum
1546 1114 1801 1188 ‘Quidquid
1846 1139 1937 1187 est,
1978 1132 2138 1174 errabo
2186 1131 2339 1189 potius

286 1219 426 1264 quam
462 1204 707 1263 perductet
747 1206 1001 1265 quispiam’..
1073 1202 1184 1252 Nam
1232 1206 1557 1265 sisuperiore
1606 1220 1736 1248 versu
1774 1205 2121 1264 'perductorem'
2168 1224 2338 1252 nomen

284 1281 611 1341 Theuropidesv
634 1283 678 1325 in
713 1283 917 1330 lasciviae
952 1284 1190 1327 notionem
1220 1282 1478 1341 detorserit,
1512 1283 1588 1326 hic
1618 1291 1770 1326 autem
1801 1282 2041 1326 consimile
2077 1283 2338 1342 ‘perductet’

284 1361 472 1404 verbum
503 1361 691 1420 proprio
724 1360 981 1419 significatu,
1008 1349 1207 1418 dictum,
1226 1360 1401 1420 quippe
1430 1360 1695 1420 oppositum
1723 1354 1916 1402 ‘errabo'
1937 1360 2056 1415 voci,
2090 1360 2254 1404 referat
2282 1360 2340 1404 ad

286 1436 452 1495 aedes,
486 1452 663 1482 rursum
691 1445 851 1480 autem
883 1438 1019 1481 tertio
1050 1423 1183 1491 remu
1215 1438 1343 1497 prior
1381 1437 1455 1480 illa
1488 1436 1800 1494 interpretatio
1823 1436 2064 1495 repellatur
2084 1437 2337 1481 aSimone:

287 1514 401 1574 quid
435 1525 502 1560 est
535 1514 723 1563 tandem
756 1530 838 1560 cur
868 1515 938 1560 vel
965 1515 1048 1564 ¹hic
1077 1515 1266 1575 repellat
1298 1512 1427 1574 quod
1462 1513 1536 1558 ille
1570 1514 1659 1557 iam
1689 1513 1876 1557 missum
1910 1512 2098 1572 fecerat,
2137 1515 2205 1558 vel
2245 1515 2337 1559 iam

284 1602 389 1636 ante
422 1593 621 1638 Simonis
656 1593 961 1638 monitionem
993 1590 1308 1652 Theuropides
1340 1591 1398 1637 ad
1438 1592 1690 1652 simplicem
1725 1592 2148 1651 interpretationem
2188 1608 2213 1637 a
2254 1608 2338 1652 pe-

284 1671 474 1716 tulantia
508 1671 603 1731 ipse
637 1670 824 1715 redeat?
869 1670 920 1715 In
954 1671 1025 1715 his
1057 1671 1291 1731 nec-lepos
1311 1686 1402 1725 vnec
1422 1668 1538 1714 ordo
1566 1686 1651 1714 nec
1670 1671 1802 1727 ratio,
1832 1670 1910 1715 sed
1929 1674 2139 1731 perv'ersa
2165 1671 2333 1715 omnia.

286 1750 340 1811 Et
369 1757 523 1793 tamen
557 1758 727 1803 restant
758 1749 910 1793 minus
940 1749 1077 1793 etiam
1109 1746 1380 1794 tolerabilia.
1451 1746 1661 1806 Ineptum
1708 1756 1774 1791 est
1816 1748 1965 1804 enim,
2009 1747 2138 1807 quod
2178 1749 2337 1793 volunt

283 1828 330 1870 in
362 1823 615 1872 ‘ductandi‘
643 1827 938 1886 ambiguitate
968 1826 1093 1870 ludi:
1128 1827 1337 1885 ineptum
1372 1835 1642 1886 propterea,
1682 1826 1811 1886 quod
1853 1827 1888 1869 si
1931 1842 2036 1869 sane
2072 1828 2247 1870 amicae
2292 1836 2337 1869 et

280 1905 544 1948 meretrices·
572 1914 677 1948 sunt
714 1904 886 1953 ductari
921 1904 1094 1961 dictae,
1127 1903 1175 1947 id
1218 1919 1275 1946 ne
1323 1903 1474 1963 potuit
1517 1902 1707 1961 quidem
1758 1903 1828 1946 vel
1868 1903 2095 1947 transferri
2138 1904 2187 1948 in
2219 1905 2339 1947 viros

279 1984 348 2025 vel
382 1982 440 2026 de
473 1983 578 2026 viris
613 1983 811 2043 intelligi.
883 1983 1116 2026 Postremo
1151 1982 1300 2042 ipsum
1332 1980 1443 2025 illud
1475 1978 1824 2041 ‘perductorem’
1850 1997 1946 2025 non
1966 1981 2107 2026 modo
2129 1982 2339 2042 aliquan-

279 2067 376 2102 tum
410 2060 592 2120 languet
618 2062 928 2121 postsgravius
959 2058 1168 2105 ‘ductare'
1190 2060 1421 2117 verbum,
1452 2059 1533 2102 sed
1574 2059 1709 2101 etiam
1744 2059 1798 2100 iis
1834 2074 1955 2117 quae
1997 2068 2334 2118 praecesserant

278 2137 467 2180 minime
501 2147 858 2182 consentaneum
895 2146 975 2182 est.
1039 2138 1198 2198 Neque
1240 2138 1362 2180 enim
1405 2152 1514 2183 usus
1552 2145 1647 2180 erat
1691 2137 1817 2179 Simo
1849 2132 2159 2196 ‘perducendi'
2201 2152 2335 2180 voca-

277 2213 411 2258 bulo:
446 2222 496 2258 ut
536 2223 661 2269 recte,
698 2210 1007 2259 etjconcinne
1054 2214 1130 2258 ‘nil
1170 2228 1329 2256 moror
1367 2202 1603 2256 ductarier'
1647 2211 1898 2255 referantur
1944 2211 2144 2255 Simonis
2184 2214 2333 2256 verbis

278 2291 395 2335 ‘nam
430 2301 611 2354 egomet
654 2291 926 2350 ductarem',
964 2307 1126 2352 parum
1165 2300 1316 2336 autem
1359 2298 1661 2350 congruenter
1700 2284 1966 2349 ‘perductor'
2014 2306 2184 2333 nomen
2227 2299 2334 2349 post

276 2364 589 2414 ‘circumduce'
622 2371 811 2423 verbum
846 2371 1077 2415 inferatur.
1142 2369 1257 2429 Ergo
1287 2366 1415 2428 quod
1450 2375 1747 2427 exspectatur,
1779 2382 1873 2410 non
1897 2375 1961 2409 est
1982 2375 2033 2409 ut
2060 2366 2331 2426 ‘perductor'

278 2456 682 2506 commemoretur,
713 2448 794 2492 sed
827 2457 877 2492 ut
909 2446 1283 2492 ‘cin-cumductor'.
1349 2446 1439 2490 Nec
1466 2445 1513 2488 in
1538 2445 1638 2487 lusu
1666 2445 1909 2488 verborum
1940 2445 2094 2504 aliquo
2124 2461 2329 2505 unquam

276 2524 441 2568 veritus
473 2532 548 2568 est·
575 2525 753 2569 Plautus
785 2525 855 2570 vel
887 2524 1057 2586 fingere
1095 2513 1281 2583 novum,
1316 2522 1444 2584 quod
1478 2538 1503 2566 e
1535 2538 1585 2566 re
1618 2530 1749 2579 esset,
1781 2522 2071 2565 vocabulum:
2117 2523 2152 2565 si
2182 2522 2327 2567 modo

275 2598 387 2644 illud
420 2596 615 2660 novum„
650 2602 777 2646 cuius
810 2617 893 2646 nos
926 2602 1181 2662 exemplum
1216 2600 1357 2645 hodie
1392 2616 1486 2644 non
1520 2601 1731 2659 legamus.
1809 2600 1915 2657 Quo
1956 2609 2106 2645 autem
2151 2610 2328 2660 spectat

275 2678 647 2723 circumducendi
683 2680 1050 2739 notio,‚eandem
1086 2681 1132 2723 iu
1163 2688 1334 2741 partem
1370 2677 1760 2738 interpretandum
1795 2677 2016 2721 ductandi
2037 2679 2248 2738 verbum,
2276 2688 2328 2723 ut

276 2757 442 2807 omissa
476 2759 600 2800 omni
635 2758 916 2802 obscenitate
946 2757 1018 2801 de‘
1037 2757 1260 2813 fallendo,
1294 2756 1570 2815 decipiendo
1601 2758 1823 2814 cogitetur
1849 2757 2146 2814 simpliciter,
2179 2758 2323 2801 multo

275 2834 323 2876 id
352 2835 539 2890 quidem
575 2851 732 2878 senum
762 2826 969 2894 personis
1004 2835 1366 2879 convenientius:
1400 2842 1451 2877 ut
1484 2842 1549 2876 est
1583 2831 1710 2890 Capt.
1744 2829 1880 2889 llI,ll‚
1918 2833 2005 2877 109
2041 2833 2135 2893 ‘qui
2169 2851 2244 2878 me
2275 2844 2323 2879 ut

278 2910 514 2964 lubitumst
544 2911 743 2958 ductavit
775 2911 920 2971 dolis',
962 2911 1074 2957 ibid.
1104 2910 1184 2972 111,
1218 2913 1267 2970 5,
1299 2911 1357 2955 97
1393 2910 1493 2954 ‘suis
1527 2924 1600 2953 me
1648 2907 1889 2963 ductarent
1931 2909 2079 2969 dolis',
2120 2911 2321 2971 itemque

277 2987 518 3039 ‘ductitare'
552 2988 682 3050 Epid.
715 2989 787 3047 llI,
814 2992 859 3048 2,
895 2993 966 3035 15.
1949 3035 1951 3038 .

403 3066 531 3114 Nunc
572 3075 735 3114 autem·
766 3076 840 3126 ut,
885 3067 964 3127 qui
1011 3066 1177 3113 horum
1222 3082 1325 3112 usus
1367 3067 1423 3111 sit
1467 3081 1586 3127 quae
1635 3065 1995 3125 disputavimuS,
2036 3067 2324 3128 intelligatur,

2763 0 2849 306 5,.

2822 263 2833 288 Α,

2822 302 2849 327 :1'

2825 346 2831 350 ·
2840 341 2849 355 '5
