2849 3591
1156 249 1459 292 ...9-

262 387 337 419 ·se
369 381 649 433 receperant,
671 381 727 433 3et
757 387 882 432 pone
915 386 1017 418 eum
1052 369 1239 431 quidem
1259 373 1479 433 parietem
1500 371 1724 430 vestibuli,
1757 374 1835 433 qui
1853 389 1876 419 a
1895 374 2124 421 Simoneis
2137 371 2329 420 aedibus

289 450 511 510 remotior
539 459 669 497 esset.
687 449 693 456 ’
713 451 941 509 Frequens
972 449 1094 494 enim
1129 453 1233 495 cum
1264 450 1523 511 inireliq‘m
1556 450 1865 511 Romanorum
1889 451 2130 497 comoedia
2149 462 2247 497 tum
2280 451 2328 497 in

285 527 372 575 hac
407 515 792 575 fabula'vestibuli
826 542 931 572 usus
963 535 1030 572 est
1060 533 1105 572 et
1135 526 1222 572 late
1253 535 1430 588 patens:
1474 528 1614 590 quem
1649 527 1685 573 si
1720 543 1815 573 non
1846 529 1952 573 satis
1984 530 2328 588 animadvertas,

286 622 421 666 saepe
453 605 535 650 fiat
566 597 617 650 ut
648 604 741 664 sive
773 604 1209 667 poetaeartffic'inm
1241 607 1335 650 sive
1360 608 1549 652 consilia
1568 607 1864 667 personarum
1888 622 2049 666 parum
2069 610 2324 666 perspicias.

287 684 419 731 Velut
450 681 579 744 quod
609 682 737 729 Most.
771 682 823 742 Il,
863 688 883 728 1
920 682 973 729 fit
1004 681 1359 741 convivhm9-‹id
1390 700 1492 729 cum
1526 696 1629 730 non‘
1649 684 1696 729 in
1728 682 1918 729 aedibus
1957 682 2081 741 fieri',
2113 684 2195 728 sed
2227 697 2328 730 aute

288 760 424 807 aedes
454 777 522 807 vv.
555 759 629 807 47.
665 767 737 806 50.
774 762 846 806 54.
879 766 953 806 53.
988 764 1048 807 78
1070 759 1299 818 doceant,
1342 763 1420 805 ubi
1459 763 1642 807 tandem
1684 764 1784 806 nisi·
1814 764 1862 806 in
1906 764 2127 806 vestibulo
2172 764 2328 807 haberi

290 839 545 899 cogitabis?
611 838 788 896 Quodsi
822 839 970 899 pergis
1001 834 1285 899 quaerendo,
1316 856 1395 885 cur
1426 840 1532 884 illuc
1562 842 1633 884 isti
1652 857 1700 885 sc
1732 841 1894 884 servoli
1925 845 2197 900 receperint,
2228 844 2331 885 satis

288 917 381 962 hoc
412 933 467 962 eo
496 934 628 963 versu
659 917 962 978 significatur,
994 918 1075 977 qui
1117 905 1302 962 ultimus
1339 927 1419 963 est·
1441 928 1546 963 ante
1565 918 1656 977 'IV,
1684 923 1739 977 2,
1771 917 1854 964 24:
1905 919 2051 963 ‘cauto
2095 935 2209 979 opus
2252 929 2333 977 est,

287 1009 346 1040 ne
388 995 480 1041 huc
520 1005 647 1041 exeat
690 996 770 1056 qui
812 995 928 1040 male
975 1011 1068 1040 me
1097 995 1290 1041 mulcet'.
1353 996 1496 1056 Teitgo
1541 996 1675 1056 igitur
1700 1006 1797 1041 ‘suo
1847 996 2097 1043 Phaniscus
2148 1000 2332 1042 metuit:

291 1072 420 1134 quod
465 1074 544 1134 qui
584 1082 735 1134 potest
776 1074 822 1118 in
865 1083 1030 1120 tutum
1055 1074 1479 1134 certius.³reeipere
1523 1089 1660 1134 quam
1706 1075 1868 1133 angulo
1918 1074 2098 1135 aliquo,
2146 1077 2333 1137 in¹quo

290 1151 452 1209 latitet,
479 1153 741 1211 occupato?
802 1149 1183 1212 Anrcro31qui,
1216 1151 1332 1212 quid
1372 1159 1473 1197 mos
1512 1151 1782 1198 comoediae
1822 1152 1990 1212 flagitet
2032 1162 2077 1196 et
2123 1163 2335 1199 constans

294 1229 441 1275 Plauti
470 1228 770 1288 consuetudo,
799 1230 1094 1291 perspexerit,-
1127 1228 1238 1275 illud
1266 1230 1423 1290 ipsum,
1450 1228 1621 1275 latendi
1654 1229 1902 1274 consilium·
1930 1228 2086 1274 credat
2111 1230 2333 1290 significa-

290 1316 388 1352 tum
420 1308 573 1367 potius
601 1323 628 1353 a
660 1308 883 1353 Phanisco
919 1321 1013 1353 esse
1037 1323 1177 1368 quam
1208 1308 1532 1367 planisflverbis
1551 1307 1884 1359 enuntiatum?
1934 1305 2092 1363 ·Quod
2112 1306 2215 1352 cum
2236 1307 2333 1351 fieri

292 1386 493 1445 potuisse
523 1384 809 1431 confidenter
841 1400 984 1444 nego,
1014 1393 1110 1429 tum
1154 1384 1289 1429 huius
1332 1383 1639 1429 confidentiae
1681 1385 1832 1429 habeo
1874 1383 1996 1428 unde
2035 1384 2337 1429 certissimum

292 1462 632 1508 firmamentum
666 1470 834 1523 petam.
908 1461 1116 1521 Namque
1149 1460 1325 1521 aliquid
1357 1469 1462 1521 post
1494 1476 1572 1518 ea,
1602 1463 1727 1521 *quae
1761 1462 1917 1520 attuli,
1950 1462 2086 1506 verba
2119 1461 2337 1507 excidisse

294 1542 385 1586 iam
418 1541 477 1585 ita
513 1540 864 1597 demonstrabo,
897 1547 948 1582 ut
980 1553 1164 1598 prorsus
1197 1540 1361 1583 omissa
1395 1538 1452 1583 de
1483 1555 1719 1585 scenarum
1752 1539 1913 1585 ordine
1947 1541 2229 1601 actionisque
2263 1557 2337 1586 ra—

292 1619 498 1663 tionibus
529 1618 798 1678 quaestione
833 1616 1044 1661 Phanisci
1078 1617 1332 1662 orationem
1367 1623 1636 1674 extremam,
1678 1619 1823 1677 qualis
1853 1618 2035 1662 tandem
2069 1620 2125 1662 sit
2167 1634 2248 1678 per
2289 1635 2335 1662 se

291 1704 522 1756 spectata,
554 1696 790 1741 excutiam.
856 1694 932 1740 Est
962 1702 1117 1740 autem
1145 1694 1266 1740 illius
1296 1695 1346 1740 in
1371 1694 1534 1740 Vetere
1561 1694 1721 1740 codice
1754 1694 1860 1740 inde
1894 1712 1918 1740 a
1952 1696 2019 1754 lv,
2050 1699 2095 1753 2,
2133 1697 2186 1741 19
2220 1696 2334 1740 haec

293 1774 492 1833 species·

385 1850 507 1898 Heus
538 1852 704 1912 ecquis.
725 1852 804 1897 hic
835 1859 902 1897 est
931 1849 1175 1897 maximam
1211 1851 1298 1911 qui
1315 1850 1439 1897 his
1427 1850 1642 1898 iniuriam

388 1930 577 1977 Foribus
609 1928 853 1977 defendat?
881 1930 1075 1990 hecquis
1100 1930 1262 1990 ecquis
1291 1929 1384 1976 huc
1416 1930 1508 1975 exit
1535 1940 1675 1990 atque
1708 1932 1888 1991 aperit?

396 2008 540 2055 Nemo
567 2008 679 2055 hinc
711 2006 899 2069 quidem
931 2007 1050 2055 foras
1083 2007 1396 2054 exit.2-ut=zesse
1425 2006 1621 2054 addecet
1652 2026 1850 2068 nequam
1884 2009 2098 2054 homines
2131 2009 2190 2053 ita
2220 2017 2334 2053 sunt.

396 2086 486 2133 Sed
513 2104 570 2133 eo
601 2088 744 2149 magis
775 2097 907 2133 cauto
941 2082 1157 2147 est'iopus
1186 2087 1249 2132 Ne
1281 2087 1532 2132 huc-exeat
1564 2087 1644 2147 qui
1676 2087 1795 2131 male
1828 2103 1903 2131 me
1936 2087 2119 2131 mulcet.

296 2165 504 2221 Quorum
540 2166 790 2210 nemodum
832 2167 910 2226 qui
946 2165 1123 2210 numeri
1167 2173 1315 2209 essent
1354 2180 1459 2209 cum
1492 2165 1645 2227 aliqua
1676 2165 1997 2224 probabilitate
2027 2163 2219 2209 definire
2250 2182 2335 2223 po-

295 2244 395 2286 tuit.
427 2234 431 2239 ’
461 2243 551 2288 Nec
582 2242 681 2286 fieri
712 2243 804 2286 hoc
836 2243 961 2303 prius
999 2243 1194 2304 poterit,
1227 2258 1364 2303 quam
1408 2242 1596 2286 lacunae
1630 2243 1817 2286 alicuius
1860 2242 2013 2287 sedem
2058 2242 2337 2304 indagaveris

297 2322 545 2365 sententiae
580 2321 766 2381 quidem
810 2321 921 2363 vitio
965 2321 1089 2364 nullo
1124 2320 1364 2364 indicatae.
1440 2321 1574 2382 Nulla
1609 2329 1704 2365 arte
1747 2321 1886 2365 ullum
1933 2322 2096 2381 opinor
2140 2329 2334 2365 metrum

296 2398 514 2443 extundes
546 2399 633 2442 nisi
666 2398 814 2441 ascitis
845 2398 964 2441 inter
994 2387 1134 2441 ‘scra's'
1157 2397 1258 2440 exit'
1282 2400 1336 2441 'et
1365 2383 1427 2441 ‘ut
1455 2396 1561 2441 esse*
1594 2397 1769 2458 aliquot
1807 2399 2006 2441 vocibus.
2085 2398 2226 2454 Quod
2259 2398 2337 2441 ubi

294 2476 467 2534 feceris,
499 2476 665 2520 mirum
698 2483 763 2520 est
791 2491 886 2519 non
913 2490 1079 2535 unam,
1109 2473 1191 2519 sed
1222 2473 1335 2519 dua's
1366 2474 1496 2520 in'ter¹
1510 2490 1556 2520 se
1588 2475 1783 2520 diversas
1815 2476 1905 2520 vias
1947 2466 2103 2536 patene
2134 2490 2336 2519 summae

296 2567 592 2598 numerorum
628 2553 950 2598 concinnitatis
978 2550 1342 2620 recuperandae:
1376 2559 1427 2597 ut
1463 2561 1540 2597 aut
1570 2550 1671 2634 boc
1703 2568 1846 2613 genus
1875 2567 2084 2597 versuum
2132 2551 2338 2596 restituas

295 2640 361 2676 sat
394 2631 547 2677 multis
580 2631 798 2692 exemplis
829 2621 1220 2692 comprobatum&

970 2720 1129 2768 4,-
1170 2719 1657 2775 -ᾈμ-Ηᾼψ-ψ-

297 2828 374 2872 aut
406 2820 498 2864 hoc
530 2836 625 2865 non
654 2820 869 2864 usitatum
903 2809 1118 2881 quidem,
1150 2809 1230 2863 sed
1257 2820 1453 2862 minime
1477 2819 1555 2867 ,vel
1588 2819 1796 2880 ineptum
1830 2820 1897 2863 vel
1934 2819 2227 2863 incredibile:

297 3012 366 3059 Ad
397 3015 599 3075 priorem
630 3016 821 3062 formam
853 3025 904 3062 ut
935 3008 1314 3063 Phanisci'verba
1346 3025 1643 3074 revocentur,
1675 3017 1831 3076 paucis
1873 3017 2144 3076 quibusdam
2174 3031 2330 3060 emen-

299 3091 562 3139 dationibus
596 3110 711 3155 opus
744 3103 829 3139 est:
1773 3106 1776 3109 ’

1931 3177 1954 3201 o
