2849 3591
1348 238 1407 251 ...
1472 215 1656 263 24·-

730 343 861 390 Fides
895 343 1185 390 servandastr'
1196 355 1283 390 ne
1306 344 1373 389 ire
1400 342 1580 390 'inficias
1617 343 1888 406 postulem&

483 415 886 468 Ὺετυωῢυὶωῆοτο
920 439 1041 484 quae
1065 422 1144 468 his
1176 423 1524 468 continuantur·
1741 436 1751 439 ·’
1854 452 1857 456 -

607 503 667 546 30
729 500 820 545 ΤΗ.
853 501 1064 546 Profecto
1099 518 1195 545 non
1226 501 1402 560 negabo
1436 499 1632 559 debere,
1664 510 1709 545 et
1739 501 1885 547 dabo·

735 579 802 623 Tu
832 595 939 623 cave
972 577 1269 638 quadraginta
1300 578 1528 637 accepisse
1560 579 1669 622 hinc
1696 593 1754 622 ne
1783 592 1931 638 neges.

735 656 801 701 Sl.
835 654 1021 713 Quaeso
1053 652 1218 714 edepol
1251 651 1344 699 huc
1371 652 1450 699 'me
1483 662 1661 715 aspecta
1695 662 1740 699 et
1770 652 1999 715 responde
2030 653 2162 700 mihi.

735 734 797 778 Te
828 734 942 777 velle
970 745 1159 776 uxorem
1194 731 1345 775 aiebat
1375 740 1456 777 tuo
1487 739 1594 777 nato
1628 731 1756 777 dare:

730 809 841 854 Ideo
877 808 1119 852 aedificare
1152 799 1244 853 hoc
1274 809 1393 853 velle
1422 799 1790 868 aiebat'·in··ft'uis.

609 890 668 933 35
734 888 820 932 ΤΗ.
852 886 939 930 nie
967 877 1209 931 aedificare
1241 887 1396 931 volui?
1461 887 1523 932 SI.
1552 879 1926 933 sie‘dixi‘oe‘iiuihi.

730 963 816 1007 ΤΗ.
852 964 934 1007 Hei
966 964 1109 1023 mihi,
1141 964 1351 1026 disperii:
1385 966 1511 1010 vocis
1544 980 1637 1010 non
1672 956 1829 1012 habe'o
1850 966 1962 1010 satis
1994 980 2033 1009 e.
2068 976 2115 1026 q.
2149 980 2206 1012 s.:

482 1046 597 1088 haec
630 1044 765 1104 igitui-
796 1043 935 1102 longe
960 1042 1191 1102 longeque
1225 1043 1361 1087 etiam
1395 1041 1561 1087 maiori
1603 1041 1858 1089 offensioni
1878 1049 1996 1087 sunt.
2059 1041 2172 1087 Nam
2212 1057 2271 1086 ne
2304 1042 2350 1087 in
2390 1042 2535 1088 levio-

483 1122 608 1166 ribus
638 1109 874 1177 haeream,
909 1134 1095 1164 omnem
1131 1119 1343 1165 ordinem
1377 1134 1642 1164 sermonum
1673 1120 1835 1180 reiqiie
1863 1134 1981 1180 quae
2006 1119 2153 1180 agitur
2183 1120 2531 1181 explicationem

481 1213 597 1260 nego
633 1212 659 1242 a
691 1208 804 1242 sano
837 1203 977 1255 poeta
1005 1195 1069 1238 sic
1101 1196 1392 1255 praecipitari
1426 1196 1643 1255 potuisse.
1708 1190 1863 1257 Atque
1895 1204 2041 1256 acute,
2064 1205 2128 1242 ut
2144 1198 2292 1255 solet,
2321 1197 2435 1259 quid
2466 1198 2532 1243 rei

483 1284 599 1321 esset
629 1281 919 1336 perspexerat
939 1271 1181 1331 Acidalius,
1214 1274 1484 1319 rectissime
1495 1273 1571 1319 ille
1603 1274 1669 1323 sie
1686 1268 2022 1319 commentatus
2039 1274 2252 1335 Divinap.
2266 1272 2362 1321 240
2381 1275 2532 1321 Grut.:

479 1352 706 1412 ‘Sequitur
738 1364 873 1395 scena
905 1350 1054 1395 Perii
1087 1351 1303 1396 hercle:
1335 1351 1386 1396 in
1411 1367 1502 1412 qua
1521 1350 1579 1396 de
1606 1353 1768 1397 lacuna
1790 1353 2031 1412 suspiceris
2061 1353 2225 1430 insigni
2257 1362 2362 1397 ante
2393 1354 2530 1397 istum

479 1444 680 1475 vertsum

657 1530 659 1534 ·
730 1507 798 1552 SI.
835 1506 1020 1564 Quaeso
1056 1507 1222 1568 edepol
1256 1509 1347 1554 huc
1379 1523 1453 1553 me
1479 1516 1631 1568 specta
1665 1508 1709 1553 et
1740 1509 2131 1570 respondemihi.

556 1707 601 1752 *J
638 1703 729 1743 Erat
757 1715 840 1742 cum
869 1703 979 1741 simili
1006 1701 1166 1741 artificio
1195 1702 1363 1742 eiusdem
1390 1713 1530 1743 scenae
1559 1703 1618 1742 his
1646 1703 1817 1742 versibus
1848 1704 2117 1749 consulendum
2145 1707 2336 1755 putarem:

835 1771 909 1809 Til.
944 1770 1064 1809 Minas
1092 1770 1338 1822 quadraginta
1366 1772 1571 1823 accepisti,
1600 1782 1691 1822 quas
1720 1772 1862 1820 sciam,

833 1839 868 1877 A
898 1839 1164 1877 Philolachete.
1218 1838 1272 1878 Sl.
1300 1848 1487 1891 nunquam
1517 1830 1703 1879 nummum
1720 1869 1731 1889 ,
1756 1830 1868 1891 q'ti'dll
1885 1841 2016 1880 sciam.

735 1908 785 1946 ‘20
839 1907 913 1945 ΤΗ.
942 1907 1057 1954 Quid,
1084 1919 1105 1944 a
1132 1908 1319 1945 'li-anione
1345 1909 1493 1947 servo?
1543 1909 1598 1948 Sl.
1628 1910 1744 1948 multo
1770 1910 1809 1949 id
1836 1909 1971 1948 minus.

639 1977 805 2022 Quorum
834 1976 1000 2026 potuisse
1029 1974 1127 2014 hanc
1156 1976 1342 2015 rationem
1372 1987 1460 2016 esse
1485 1978 1730 2028 suspicabar,
1962 1999 1965 2003 v

838 2043 910 2082 ΤΗ.
942 2043 1038 2089 Quid
1068 2044 1212 2094 figitur,
1239 2044 1554 2095 quandoquidem
1569 2045 1616 2083 ab
1646 2046 1734 2086 illoc
1764 2045 1941 2096 acceptas
1965 2048 2159 2097 negas,]

835 2112 870 2149 A
896 2111 1082 2149 Tranione
1108 2112 1252 2150 servo?

641 2178 717 2218 Sed
746 2190 819 2217 nec
846 2177 942 2216 haec
971 2178 1229 2228 interrogandi
1257 2178 1375 2216 forma
1406 2179 1551 2229 placet,
1579 2184 1617 2217 et
1644 2160 1757 2224 mnlto
1791 2180 1912 2218 lenius
1940 2184 2136 2229 corruptos
2166 2189 2343 2217 numeros
2379 2179 2435 2216 sic
2470 2190 2535 2216 re-

639 2248 794 2286 stituas:
1582 2280 1587 2284 .
2112 2277 2117 2288 ,
2243 2238 2246 2240 ’

840 2312 905 2353 Th.
939 2312 1068 2360 Quid?
1097 2313 1178 2366 [ain
1205 2315 1260 2366 tu]
1291 2326 1312 2353 a
1339 2313 1557 2354 Tranidne‘?
1610 2315 1662 2355 Sl.
1699 2314 1812 2353 multo
1843 2314 2002 2362 [hercle]
2031 2314 2069 2352 id
2096 2295 2228 2352 iiiinus.

639 2382 730 2421 Nam
761 2386 847 2432 post
870 2377 1014 2421 “multo
1043 2387 1139 2428 (non
1169 2385 1255 2420 ante
1282 2393 1365 2421 eam
1392 2390 1547 2432 vocem)
1575 2379 1734 2423 lactinae
1759 2384 1915 2444 spatium
1946 2386 2011 2421 est
2023 2382 2059 2420 in
2077 2380 2214 2421 Vetere
2243 2380 2390 2421 codice.
2427 2380 2534 2420 Nullo

642 2455 765 2489 autem
795 2450 910 2530 modo
938 2449 1150 2489 Bothianus
1177 2460 1311 2488 versus
1338 2451 1565 2500 probabilis:
1587 2449 1687 2489 ’.ΤΗ
1704 2451 1752 2489 Α
1765 2440 1954 2489 'liranione
1971 2436 2147 2489 servo?
2178 2449 2232 2488 Sl.
2265 2448 2403 2495 Quid?
2417 2448 2533 2488 multo

638 2519 675 2557 id
705 2517 861 2557 minusz‘
896 2529 941 2557 ac
967 2519 1080 2557 nimis
1108 2519 1291 2569 ineptiunt
1318 2518 1380 2569 qui
1410 2517 1457 2556 de
1497 2518 1691 2569 trisyllaba
1715 2528 1891 2558 mensura
1918 2514 2131 2557 ‘Tranione'
2163 2516 2310 2557 formae
2333 2517 2532 2557 somniant.

639 2588 731 2626 Nam
758 2587 867 2628 Most.
897 2587 942 2635 V⁶
971 2588 1011 2636 Q,
1038 2586 1088 2630 47
1117 2598 1186 2638 pro
1209 2583 1415 2626 ‘Tranioni’
1442 2587 1585 2638 pridem
1607 2586 1773 2627 ‘Tranio‘
1801 2587 1963 2629 dativum
1992 2587 2182 2629 Acidalius
2209 2588 2390 2629 restituit:

834 2656 973 2693 Tranio
1002 2657 1149 2694 remitte
1181 2667 1325 2705 quaeso
1353 2655 1631 2708 hanc-noxiam
1660 2667 1795 2695 caussa
1826 2667 1944 2705 mea:-

638 2724 775 2763 collato
801 2723 952 2774 quidem
979 2723 1042 2771 111,
1073 2725 1107 2772 1,
1137 2723 1207 2763 33:
1536 2778 1538 2780 v

838 2792 912 2831 Sed
942 2785 1206 2831 Philolachetis
1234 2804 1366 2831 eccum
1378 2792 1541 2844 'servom
1564 2791 1751 2830 Tranium.

641 2859 719 2896 Nisi
746 2861 846 2909 quod
876 2873 920 2897 ea
951 2861 1070 2897 forma
1102 2873 1177 2898 non
1208 2873 1229 2898 a
1253 2859 1439 2898 ‘'ri-anius·
1466 2859 1708 2897 nominativo
1729 2860 1812 2896 cu'm
1831 2860 2003 2897 Acidalio
2033 2860 2206 2897 ducenda
2235 2859 2392 2908 videtur,
2419 2861 2487 2897 sed
2512 2872 2533 2898 a

635 2924 833 2966 ‘Tranium'
857 2935 1006 2968 neutro.
1061 2930 1151 2968 Nam
1183 2935 1221 2968 et
1248 2929 1478 2969 Callidamati
1505 2922 1744 2979 profecto'et
1772 2927 1892 2981 magis
1918 2931 2028 2968 etiam
2057 2929 2226 2983 danistae
2254 2930 2430 2966 convenit
2458 2929 2531 2979 hy-

643 2997 875 3046 pocoristica
896 2997 1026 3036 ‘forma
1053 2998 1127 3036 uti:
1157 2995 1267 3038 ‘aber
1304 2999 1385 3037 sieh
1425 2998 1472 3037 da
1509 2997 1610 3037 mein
1645 2992 1921 3046 Traniochen,'
1948 2998 2016 3037 der
2052 2996 2122 3035 mir
2159 2997 2258 3035 mein
2294 2997 2389 3036 Geld
2427 2997 2531 3035 nicht

647 3062 824 3103 hezahlt'.
1849 3075 1853 3078 ·
