2849 3591
1310 222 1372 233 ..
1435 201 1624 246 33...

437 330 531 378 Sed
561 329 707 375 liceat
722 325 916 389 plenius
933 325 1045 372 hoc
1062 324 1324 386 exemplum
1349 331 1555 369 tractare
1579 329 1796 386 propter
1819 328 2139 379 coacervatas
2150 319 2502 430 depravationes

440 404 787 457 memorabile.-
819 402 1070 465 Vulgantur
1102 402 1168 451 ibi
1201 400 1322 453 iude
1343 417 1370 456 a
1399 413 1438 447 v.
1472 397 1543 448 40
1567 399 1753 446 haece:
1899 439 1902 441 .
2023 424 2032 442 -.
2118 422 2120 426 -
2251 439 2254 442 ,
2311 419 2313 421 ·

561 482 661 529 ΤΗ.
689 482 860 543 Egone.
924 481 1005 544 5Ε.
1038 490 1104 527 tu.
1169 480 1262 531 ΤΗ.
1294 487 1345 524 tu
1378 493 1442 525 ne
1456 464 1711 528 molestum
1721 477 1839 533 sine
1872 493 1964 523 me
1975 493 2107 524 cum
2085 443 2262 538 puero,
2296 445 2439 537 loqui.
2504 500 2512 509 .

438 558 499 604 40
566 559 657 607 PH.
691 559 837 606 Nemo
867 541 1079 604 habitat?
1114 557 1256 603 hem'.
1320 556 1415 603 TH.
1450 556 1519 603 ita
1541 529 1802 616 profecto.
1828 555 1917 600 PH
1944 569 2066 600 nam
2107 553 2210 604 heri
2241 563 2304 603 et
2338 553 2506 605 nudius

1545 679 1547 682 .
1888 632 2155 690 vtertius,
2511 650 2514 655 ·

573 714 798 771 Quartus,
830 715 1039 773 quintus,
1070 720 1219 764 sextus
1250 726 1425 771 usque,
1454 719 1704 770 postquam
1730 709 1845 756 hine
1874 678 2071 769 peregre·
2083 710 2191 754 eius
2222 720 2353 770 pater

569 791 721 850 Abiit,
754 805 991 851 nunquam
1022 788 1230 847 triduum
1260 787 1309 844 in
1341 803 1488 836 unum
1517 786 1715 833 desitum
1734 785 2163 843 estesse-etzbibi.
2227 805 2231 811 ·

569 868 663 914 ΤΗ.
700 866 826 924 Quid
857 867 955 911 ais?
1020 867 1109 917 ΡΗ.
1132 865 1372 912 ‘triduum
1392 865 1441 909 in
1482 851 1629 909 uuum
1671 872 1739 908 est
1776 860 2250 920 haud-,intermissum
2289 862 2369 908 hic
2394 878 2517 913 esse.

1894 938 2181 1046 -etbibi,
2216 950 2288 962 ··’
2360 959 2475 967 ·-·

569 1023 728 1072 Scorta
759 1020 896 1080 duci,
925 1022 1238 1083 pergmecari,
1272 1019 1507 1079 fidicinas,
1536 1019 1772 1073 tibicinas
1892 1061 1897 1066 ,
2097 1043 2101 1047 -
2370 1025 2374 1028 '

444 1099 504 1144 45
550 1099 764 1147 -QDucere
797 1099 910 1150 TH.
930 1100 1034 1161 quis
1061 1100 1202 1149 istaec
1234 1097 1461 1144 faciebat?
1494 1097 1583 1157 PH
1617 1094 1920 1142 Philolaches.
1951 1066 2053 1151 ΤΗ.’
2075 1096 2169 1156 qui
2188 1067 2508 1149 Pbilolachesi)

441 1179 493 1220 Iu
524 1177 598 1220 his
629 1177 885 1236 permirum
906 1185 985 1220 est
1015 1174 1215 1219 editores
1248 1174 1307 1219 ad
1338 1189 1482 1227 unum
1517 1187 1702 1217 omnes
1697 1173 1937 1235 patienter
1963 1173 2138 1216 tulisse·
2147 1173 2269 1218 hanc
2299 1179 2509 1218 constru-

445 1255 671 1298 ctionem:
703 1248 914 1301 ‘desitum
935 1260 1015 1295 est
1048 1265 1143 1295 esse
1169 1259 1214 1294 et
1242 1251 1370 1308 bibi’,
1403 1251 1609 1309 itemque
1641 1242 1796 1310 paullo
1830 1258 1953 1309 post
1959 1244 2125 1295 ‘scorta
2144 1248 2268 1307 duci,
2297 1251 2510 1312 tibicinas

445 1326 636 1373 ducere'.
687 1329 803 1373 Sive
844 1327 969 1370 enim
997 1323 1123 1371 ‘'esse
1153 1327 1390 1388 passivam·-
1426 1325 1634 1373 formam
1665 1325 1980 1375 crediderunt
1982 1328 2046 1386 ἕ),
2078 1327 2171 1372 sive
2211 1341 2316 1377 cum
2361 1328 2508 1372 activo

441 1406 552 1449 strui
585 1406 789 1464 potuisse
832 1402 1042 1458 fdesitum
1066 1405 1162 1453 est?
1206 1412 1458 1465 putarunt,
1498 1404 1694 1464 turpiter
1742 1404 1857 1463 lapsi
1902 1412 2029 1462 sunt:
2066 1402 2250 1449 -nedum
2293 1404 2510 1463 coniungi

442 1492 692 1542 utrumque
726 1496 870 1541 genus
907 1482 1037 1525 verbi
1069 1482 1227 1541 possit.
1293 1481 1347 1526 Et
1386 1496 1581 1534 versum,
1601 1478 1792 1540 quidem
1820 1477 1884 1526 43
1922 1481 2153 1540 praeclare
2183 1472 2513 1528 Ambrosianus.

442 1559 588 1601 codex
618 1568 773 1615 sanat,
793 1559 979 1622 >in-quo
1013 1566 1081 1613 est
1114 1557 1355 1618 ‘potariers
1373 1572 1458 1618 pro
1483 1552 1596 1600 ‘esse
1617 1564 1672 1600 et
1697 1552 1825 1601 bibi':
1860 1556 2048 1617 reliquis
2079 1556 2285 1609 versibus
2305 1556 2511 1618 quidille

439 1638 660 1696 scriptum
694 1643 873 1693 teneat,
908 1636 1108 1680 discerni
1128 1636 1327 1698 nequit,
1361 1635 1459 1679 nisi
1499 1633 1631 1695 quod
1666 1649 1713 1681 v.
1747 1632 1804 1679 41
1847 1634 1990 1679 habet
2027 1634 2284 1696 ‘postquam
2322 1633 2512 1696 peregre

440 1715 559 1757 illius
591 1720 745 1772 pater.
814 1696 943 1769 Quid
975 1714 1155 1757 multa?
1190 1714 1327 1757 etiam
1353 1713 1452 1756 sine
1481 1712 1630 1761 libris
1640 1726 1737 1757 uon
1758 1709 2023 1798 dubitamus
2049 1712 2286 1772 pristinam
2308 1712 2391 1757 his
2409 1727 2511 1757 ver-

439 1790 564 1831 sibus
597 1789 792 1832 sormam
826 1791 891 1833 sic
925 1790 1183 1833 restituere:
2513 1800 2515 1802 '

561 1866 654 1909 ΤΗ.
688 1865 879 1924 Egone?
944 1865 1025 1909 SE.
1072 1874 1136 1908 tu.
1201 1865 1293 1910 ΤΗ.
1329 1879 1388 1908 ne
1420 1868 1472 1910 tu
1505 1864 1758 1910 molestu’s:
1803 1868 1913 1910 sine
1917 1879 2007 1910 ιιι3
2045 1878 2149 1910 cum
2184 1867 2330 1926 puero
2364 1865 2509 1926 loqui

436 1940 498 1985 40
563 1942 709 1986 Nemo
745 1942 934 1986 habitat.
1003 1943 1092 1986 PH.
1128 1943 1306 1986 habitat
1337 1942 1569 2003 profecto·
1604 1945 1710 1992 nam
1744 1942 1844 1987 heri
1878 1950 1923 1989 et
1955 1941 2122 1989 nudius
2150 1942 2337 2001 tertius,

570 2019 797 2090 Quartus,
833 2021 1043 2080 quintus,
1072 2024 1252 2089 sextus,
1283 2034 1457 2079 usque,
1489 2023 1737 2093 postquam
1767 2033 1955 2082 peregre
1980 2019 2099 2064 hinc
2130 2020 2227 2065 eius
2253 2027 2389 2105 pater
2433 2049 2442 2076 ·.

567 2096 715 2155 Abiit,
748 2111 989 2160 nunquam
1016 2086 1220 2159 triduum
1254 2111 1399 2145 unum
1435 2095 1692 2143 desitumst
1703 2096 1949 2157 potarier.

571 2174 680 2224 ΤΗ.
703 2172 830 2229 Quid
862 2173 927 2218 ais
959 2157 1218 2234 [tandemi’]
1280 2174 1369 2225 PH.
1405 2173 1609 2223 triduum
1642 2188 1787 2220 unum
1819 2172 1953 2219 haud
1974 2177 2069 2218 esse
2096 2162 2403 2221 intermissum
2435 2176 2512 2220 hic

581 2262 590 2266 ”
986 2271 989 2275 ·
1971 2251 2138 2315 bibi,

569 2328 731 2374 Scorta
764 2327 898 2386 duci,
933 2327 1247 2388 pergraecari,
1279 2306 1519 2386 fidicinas,
1551 2328 1760 2373 tibicinas
1808 2325 1811 2328 ’
1903 2315 1905 2317 V

442 2404 503 2451 45
571 2404 793 2453 Conduci.
855 2406 952 2461 ΤΗ.
988 2405 1092 2464 quis
1125 2401 1255 2451 illaec
1284 2405 1512 2450 faciebat?
1534 2421 1586 2451 e.
1601 2421 1673 2463 q
1706 2420 1742 2449 s.
2307 2442 2309 2444 μ

446 2485 495 2528 V.
530 2479 592 2527 40
618 2482 814 2527 habitat
844 2480 1069 2542 profecto'
1103 2497 1127 2526 3
1159 2480 1393 2525 Decurtati
1435 2480 1660 2528 memoria
1697 2476 1829 2525 ‘haec
1868 2489 1937 2525 tat
1976 2449 2214 2541 prosectso
2237 2492 2362 2528 recte
2403 2483 2512 2528 effe-

452 2569 611 2604 cerunt
652 2560 779 2617 Itali,
816 2558 945 2605 unde
988 2560 1037 2607 in
1069 2559 1192 2618 Lips.
1236 2567 1283 2622 et
1320 2557 1393 2602 ed.
1430 2560 1577 2648 princ.
1619 2559 1816 2603 transiit·
1848 2566 1988 2618 atque
2020 2559 2155 2607 etiam
2191 2560 2238 2608 in
2271 2560 2457 2618 Vetere,
2487 2576 2512 2604 e

452 2652 545 2694 quo
575 2633 699 2680 hem
736 2594 798 2681 it'a
830 2636 1055 2696 prosecto’
1086 2619 1298 2694 affertur,
1333 2644 1379 2681 et
1403 2631 1509 2680 ‘'em
1523 2636 1714 2698 litterae
1747 2644 1852 2703 sunt
1872 2651 1915 2687 3
1938 2644 2208 2699 correctura
2236 2646 2283 2682 et
2312 2652 2406 2682 una
2435 2638 2512 2682 lit-

448 2721 546 2757 tera
575 2729 698 2759 erasa
722 2722 840 2774 post
865 2709 968 2760 ‘ita’.
1031 2712 1129 2773 Sed
1157 2714 1291 2760 aliter
1322 2714 1441 2763 haec
1477 2728 1533 2760 ac
1569 2714 1726 2775 vulgo,
1761 2700 1822 2762 ita
1853 2695 2045 2776 quidem
2077 2724 2129 2761 ut
2162 2715 2374 2775 fecimus,
2404 2731 2512 2777 per-

448 2791 578 2836 sonis
604 2790 920 2838 distribuenda
952 2801 1096 2842 erant.
1153 2794 1205 2839 V
1237 2790 1296 2837 41
1332 2793 1381 2855 in
1412 2793 1548 2851 libris
1574 2801 1663 2839 est
1664 2786 1799 2847 ‘hinc
1820 2789 2513 2855 peregi-15⁹..Pro-‘eius’quod

446 2863 847 2913 Ambros.i11ius’
893 2869 1057 2930 prodit
1096 2870 1268 2914 omisso
1302 2852 1458 2929 ‘hinc’,
1500 2869 1550 2916 id
1580 2884 1724 2916 usum
1765 2885 1867 2917 non
1903 2871 2066 2918 habet.
2085 2885 2189 2917 ac
2183 2884 2349 2969 saepe
2387 2870 2513 2931 apud

522 3015 569 3061 *)
600 2991 698 3054 Sero
727 3010 872 3074 rideo‘
876 3013 965 3060 essi‘
980 2994 1161 3060 ,suasisse
1182 2989 1446 3073 Lanibinutm„
1501 3065 1504 3068 Δ
1551 3046 1558 3059 -.
