2849 3591
1140 221 1451 293 7-oe-

269 350 571 410 inopinatum·
591 349 956 406 ero-aociderat,
988 351 1192 408 paullum
1220 351 1388 395 variata
1419 349 1628 393 oratione
1659 364 1810 395 servus
1842 353 1992 397 statim
2026 360 2217 412 repetat.
2271 351 2326 394 Vt

268 428 333 472 sic
360 428 530 473 saltem·
552 425 832 472 mirabundo
867 426 965 470 seni
999 425 1373 486 interrogandum
1407 424 1566 471 fuerit:
1599 425 1845 486 “argentum
1880 430 2061 475 obicere
2095 431 2277 475 iubeam
2293 428 2326 473 ΞΥ

265 505 476 550 similiter
506 519 561 549 ac
590 518 632 547 w
663 506 777 567 tos:
810 503 912 548 ΤΒ.
947 501 1023 547 dic
1050 511 1096 546 te
1128 500 1355 547 daturum.
1419 502 1513 548 TH.
1549 518 1667 563 egon
1691 503 1843 548 dicam
1876 504 1984 548 dare
1998 505 2029 548 θ’
2060 521 2322 566 quanquam

265 582 332 626 ibi
365 581 577 641 et‘plane
605 581 785 625 locutus
816 570 1082 626 essTranio
1116 593 1204 624 nec
1234 579 1441 640 profecto
1474 589 1569 625 tam
1604 596 1743 642 quam
1775 581 1854 626 hic
1884 590 2066 642 praeter
2095 593 2325 642 exspecta-—

264 657 443 703 tionem
475 658 785 719 Theuropidis
805 666 1056 719 ‘argentum
1091 658 1149 703 ab
1182 658 1275 702 hoc
1303 659 1449 718 petiit.
1514 660 1629 720 Ergo
1663 659 1883 704 excidisse
1918 661 1974 704 ab
2008 661 2142 705 initio
2176 677 2325 705 versus

267 735 418 792 ‘Quid'
442 736 642 780 conieci.
704 736 759 779 ‘ei
791 736 1001 793 homini’,
1034 734 1166 795 quod
1197 735 1396 792 subieci,
1426 737 1606 779 tametsi
1639 752 1736 779 non
1773 744 1839 779 est
1882 737 1930 780 in
1965 735 2227 792 codicibus,
2257 744 2326 779 ta·—

269 826 378 856 men
410 813 460 856 hi
494 828 553 857 ne
583 814 808 872 vulgatam
831 813 1035 872 quidem
1074 814 1344 872 scripturam
1377 821 1586 856 tuentur:
1620 828 1725 855 nam
1755 812 1875 855 ‘iube
1912 813 1962 855 in
2001 811 2194 855 homiui'
2239 812 2327 854 De-

270 898 469 934 curtatus
498 890 656 946 habet,
687 889 1008 933 Vetus‘autem
1039 889 1158 933 ‘iube
1190 890 1238 933 in
1270 889 1474 933 homine'
1507 904 1531 931 a
1553 889 1700 947 prima
1724 904 1879 946 manu,
1910 905 1935 933 a
1957 887 2156 932 secunda
2178 888 2329 932 ‘iuben

268 963 481 1013 homini'.
545 965 647 1010 Hoc·
674 973 825 1010 autem
857 964 1008 1024 ipsum
1042 978 1149 1008 cave
1180 965 1260 1008 ulli
1299 966 1400 1009 usui
1441 980 1536 1009 esse
1567 973 1717 1024 putes:
1762 981 1858 1009 non
1901 966 2043 1026 magis
2085 966 2210 1009 enim
2252 966 2331 1009 hic

267 1045 385 1090 ullus
416 1041 729 1104 interrogandi
762 1042 935 1088 formae
967 1043 1108 1102 locuS,
1142 1055 1282 1103 quam
1315 1057 1355 1086 v.
1389 1044 1478 1087 104
1505 1042 1672 1085 Tranio
1707 1043 1858 1101 potuit
1888 1042 2086 1087 ‘dicisne'
2115 1058 2202 1104 pro
2232 1040 2329 1088 ‘dic’

268 1120 567 1182 respondere.
600 1143 663 1153 -
702 1120 751 1165 V.
782 1120 843 1166 93
890 1121 972 1164 etsi
1014 1136 1110 1164 non
1150 1127 1299 1175 vacat>
1323 1118 1580 1165 offensione
1628 1118 1866 1180 ‘-—petior’
1916 1123 2185 1181 anapaestus
2225 1131 2331 1168 ante

269 1199 499 1244 vocalem:
533 1200 658 1254 (nam
692 1198 874 1258 ineptus
902 1197 960 1241 sit
1005 1198 1084 1257 qui
1118 1196 1177 1241 de
1212 1197 1447 1241 tribracho
1491 1198 1698 1258 cogitet:)
1740 1204 1897 1242 tamen
1933 1198 2204 1257 patiendum
2242 1216 2331 1260 pu-

268 1277 387 1334 tavi,
421 1275 530 1335 quia
563 1291 660 1320 non
699 1276 854 1320 inveni
894 1275 975 1335 qui
1008 1275 1231 1320 tollerem.
1266 1299 1329 1309 -—
1365 1277 1415 1319 V.
1450 1275 1510 1319 99
1551 1274 1653 1334 ‘pol’
1687 1273 1861 1331 adieci,
1892 1290 1934 1318 v.
1970 1280 2058 1321 100
2091 1276 2331 1321 εειοωῑιιῐῑιῖ

270 1350 580 1411 Theuropidis
609 1352 748 1395 verba
777 1350 913 1396 ‘unde
937 1349 1022 1408 sit’,
1054 1365 1174 1410 quae
1205 1352 1390 1410 negotia
1420 1352 1748 1410 interpretibus
1775 1351 2017 1408 facessunt,
2050 1352 2108 1396 ad
2141 1353 2335 1397 Tranio-

273 1430 345 1473 nis
386 1428 461 1472 illa
500 1435 729 1487 spectant:
772 1427 924 1487 ‘genus
966 1426 1098 1486 quod
1128 1425 1614 1486 improbissumumst’:
1658 1425 1831 1471 luditur
1872 1427 1996 1471 enim
2038 1429 2334 1490 ambiguitate

272 1502 435 1564 ‘genus’
468 1503 605 1548 vocis.
639 1531 700 1541 -
739 1504 787 1548 V.
821 1504 882 1549 94
925 1518 1006 1548 cur
1034 1502 1194 1548 ‘huice'
1240 1503 1528 1563 scripserim,
1571 1503 1661 1547 alio
1702 1503 1806 1547 loco
1852 1502 2022 1548 dicam:
2069 1506 2332 1551 uberiorem

277 1581 398 1625 enim
445 1581 538 1631 hoc
581 1579 940 1640 disputationem
985 1581 1203 1639 postulat.'
1233 1604 1292 1611 —
1341 1581 1502 1623 Versus
1545 1580 1606 1623 96
1645 1580 1933 1624 hemistichia
1973 1583 2230 1641 transposui
2278 1583 2337 1626 de

280 1659 613 1718 elegantissima
645 1656 837 1702 Acidalii
866 1657 1177 1715 divinatione,
1211 1672 1303 1717 qua
1335 1667 1432 1701 nou
1464 1656 1675 1701 videmur
1706 1658 2000 1716 supersedere
2038 1673 2184 1716 posse.
2260 1660 2339 1704 Ni-

276 1736 342 1780 hil
372 1736 442 1779 vel
471 1735 548 1779 hic
573 1735 646 1789 vel
676 1735 724 1778 in
754 1735 958 1795 reliquis,
991 1746 1114 1794 'quos
1144 1734 1638 1790 modo'tractavimus,
1668 1726 1875 1777 ⁴versibus
1908 1735 2096 1779 Bothius
2128 1735 2338 1795 profecit.

401 1814 552 1874 Atque
585 1813 677 1859 hoc
706 1812 898 1874 quidem
934 1814 1231 1858 traiectorum
1262 1824 1476 1858 versuum
1511 1812 1769 1871 exemplum
1799 1812 1906 1855 satis
1927 1813 2117 1873 simplex
2150 1812 2340 1873 expedi-

276 1902 470 1952 tumque
503 1901 570 1936 est
601 1907 711 1951 prae
746 1892 836 1936 alio
872 1890 1000 1950 quod
1034 1900 1101 1935 est
1133 1892 1183 1935 in
1214 1890 1377 1937 eadem
1410 1901 1559 1954 scena.
1636 1889 1687 1933 ln
1722 1904 1814 1948 qua
1845 1906 1943 1950 quo
1977 1892 2156 1951 longius
2188 1906 2342 1935 versus

277 1969 460 2014 initium
492 1967 764 2027 regrediare,
794 1985 850 2013 eo
883 1969 985 2029 plus
1010 1962 1263 2013 turbatum³
1278 1968 1513 2028 reperiass
1538 1967 1688 2015 Multi-s
1714 1968 1843 2013 *enim
1866 1967 2021 2013 modis
2043 1968 2338 2029 depravatum

279 2046 388 2095 illud
425 2054 492 2090 est
523 2045 997 2105 colloquium,'quod
1026 2059 1058 2090 va
1086 2062 1124 2091 v.
1159 2045 1215 2090 41
1258 2043 1607 2092 ad'83'Tranio
1642 2052 1688 2089 et
1720 2043 1898 2090 danista
1928 2054 2183 2105 pertexunt.
2249 2046 2339 2091 Sed

278 2123 405 2180 prius
437 2138 578 2181 quam
613 2121 662 2166 id
696 2138 880 2182 agamus
913 2123 1043 2183 quod
1074 2122 1265 2182 professi
1305 2121 1582 2179 sumus,.de
1625 2121 1810 2167 modica
1848 2122 2010 2167 lacuna
2051 2122 2339 2167 monendum

280 2210 357 2244 est.
423 2194 534 2244 Nam
569 2213 701 2244 versu
733 2201 925 2259 quidem
959 2202 1018 2245 59
1052 2209 1298 2260 postquam
1330 2198 1642 2247 minabundus
1674 2198 1851 2244 danista
1885 2198 2061 2244 dixerat
2093 2199 2194 2245 ‘iam
2228 2201 2338 2246 her-

281 2278 347 2321 cle
381 2292 464 2336 ego
512 2277 650 2321 illunc
689 2275 977 2320 nominabo:'
1020 2279 1214 2331 (temere
1238 2278 1377 2321 .enim
1422 2276 1629 2321 Bothius-
1656 2285 1834 2336 praeter
1874 2278 2014 2320 libros
2049 2276 2150 2320 ‘iam
2184 2277 2343 2321 hercle

282 2355 408 2398 illum
440 2370 524 2413 ego
558 2354 812 2398 nominabo
825 2353 864 2407 ε’)
909 2354 1140 2399 cavillatur
1169 2354 1335 2398 Tranio
1371 2354 1704 2398 contumaciter
1736 2352 2022 2412 respondens
2059 2351 2182 2413 'euge
2224 2361 2342 2398 stre·-

283 2433 393 2475 nue'.
424 2432 589 2480 ‚beatus
611 2444 720 2475 vero
750 2446 797 2475 es
823 2447 946 2476 nunc
969 2448 1114 2492 quom
1138 2431 1329 2476 clamas‘.
1365 2432 1543 2492 Ergone
1568 2432 1839 2476 clamaverat
1856 2429 2064 2474 danista?
2093 2430 2342 2490 (siquidem

283 2508 394 2554 illud
425 2508 619 2566 Tranio,
659 2525 756 2553 nou
787 2509 958 2555 ‘beatus
992 2511 1080 2555 eris
1122 2510 1158 2555 si
1202 2509 1430 2555 clamabis²
1474 2507 1614 2560 dixit.)
1681 2506 1807 2562 Quid
1848 2507 1995 2566 igitur>
2029 2516 2075 2551 et
2116 2507 2344 2568 quando}>

281 2590 351 2633 Au
384 2586 673 2633 ‘Philolache'
706 2588 978 2633 clamaverat
1005 2596 1130 2632 extra
1163 2585 1379 2631 versum?
1441 2584 1543 2629 Non
1571 2582 1609 2627 is
1633 2581 1716 2626 fuit
1744 2582 1949 2641 profecto
1988 2599 2089 2627 mos
2121 2587 2345 2646 antiquo-

282 2679 401 2721 rum,
431 2672 482 2708 ut
516 2671 593 2707 aut
623 2664 781 2723 plura,
814 2678 955 2725 quam
990 2679 1108 2724 quae
1140 2664 1250 2723 ipsis
1281 2662 1484 2706 versibus
1516 2670 1654 2721 poeta
1686 2661 1989 2720 expressisset,
2020 2662 2202 2707 fabulae
2235 2680 2343 2724 per—

284 2753 426 2787 sonae
458 2740 776 2800 loquerentur,
804 2749 883 2786 aut
910 2755 1029 2802 quae
1062 2741 1119 2785 ab
1152 2740 1225 2784 his
1257 2739 1332 2782 ille
1357 2738 1643 2798 pronuntiari
1676 2738 1826 2795 vellet,
1858 2754 1955 2783 non
1976 2740 2114 2784 etiam
2138 2743 2341 2786 versibus

284 2815 712 2876 comprehenderet.
778 2817 871 2864 Sed
902 2819 1049 2863 acrius
1082 2818 1218 2862 etiam
1251 2817 1483 2862 instamus.
1547 2816 1659 2859 Nam
1693 2816 1825 2876 quod
1857 2831 1897 2860 v.
1934 2819 1993 2862 88
2025 2817 2344 2878 Theuropides
2424 2848 2426 2850 ψ

283 2891 423 2949 ‘Quid
450 2892 826 2938 Philolachetem’
860 2895 923 2938 ait
952 2895 1149 2955 ‘gnatum
1180 2894 1609 2954 compellat·meum
1623 2894 1662 2944 *)
1690 2893 1766 2938 Sic
1796 2904 1841 2938 et
1871 2898 2103 2956 praesenti
2121 2897 2203 2940 tibi
2237 2895 2343 2939 sacit

361 2990 407 3037 *J
428 2985 591 3037 ‘meum‘‚
621 2974 723 3039 quod
751 3000 774 3028 a
802 2988 997 3028 codicibus
1025 2990 1157 3038 abest,
1183 2993 1290 3027 recte
1319 2987 1462 3027 addidit
1491 2987 1745 3027 Camerarius.
1799 2988 1983 3041 Ineptiunt
2011 2992 2070 3040 qui
2092 2989 2225 3028 ‘ferox'
2255 3001 2339 3029 cum

440 3056 578 3107 Pylade
604 3057 799 3098 adiiciunt.
