2849 3591
1375 197 1679 243 -3...

508 319 615 368 ante
644 339 684 368 v.
708 320 794 374 33
811 314 992 364 danista
1023 317 1365 379 animadvertit,
1397 336 1482 364 nec
1511 319 1586 377 111,
1620 324 1642 361 1
1679 327 1787 363 extr.
1822 327 1868 363 et
1896 317 1975 378 111,
2008 321 2038 362 2
2052 317 2162 389 init¹
2206 317 2275 360 vei
2308 317 2434 363 Simo
2468 324 2545 366 aut
2589 289 2595 293 ·

508 398 783 445 Tranionem
815 406 894 442 aut
922 396 1293 459 Theai-opidana,
1329 400 1412 444 vel.
1431 401 1532 459 ipse
1559 371 1875 455 Theuropides
1906 405 1958 445 ut
1985 390 2162 442 videtui·
2203 402 2281 441 aut
2310 395 2547 448 Simonem

509 485 585 521 aut
613 475 931 522 Tranionem·
949 486 995 520 et
1024 486 1184 524 tamen
1199 475 1380 521 vicinae
1409 484 1517 521 mut
1544 474 1864 534 Theuropidis
1875 474 2168 536 Simonisque
2194 471 2344 519 aedes,
2373 471 2547 530 Quidi’

514 552 644 614 quod
677 564 785 615 post
816 554 1101 614 colloquium
1134 554 1456 603 cumfsimone
1476 554 1696 599 ‘habitum
1727 559 1906 600 tantum
1935 552 2022 596 iter
2050 552 2233 611 Tranio,
2257 551 2313 597 ut
2342 548 2402 607 ad
2420 564 2548 595 erum

509 630 695 689 redeat,
738 630 968 676 conficere
1000 631 1267 691 cogitandus
1284 640 1391 691 est,
1420 640 1643 693 quantum
1675 629 1838 678 decem
1866 630 2068 674 vei-sibus
2100 632 2179 685 (88
2203 630 2323 691 sqq.)
2354 628 2550 675 recitau-

509 705 580 753 dis
612 708 830 767 sufficiat,
861 710 961 770 ipse
996 717 1145 752 autem
1177 708 1490 770 Theuropides
1529 710 1659 754 ‘heus
1679 706 2003 770 Theuropides’
2035 707 2185 752 verbis
2217 709 2275 764 (v.
2309 707 2387 763 97)
2422 722 2548 753 servo

511 787 866 831 inclamandusp
898 810 955 816 -
998 785 1093 828 Sed
1123 794 1278 830 tamen
1311 787 1440 848 quod
1472 778 1556 849 per
1586 787 1829 839 maximam
1861 792 2036 846 partem
2069 784 2214 843 illius,
2242 784 2291 829 in
2324 800 2420 845 quo
2451 799 2551 830 ver-

509 879 678 923 samur,
703 864 922 924 colloquii
955 877 1053 906 non
1087 877 1183 908 esse
1213 863 1432 909 Tranioni
1465 872 1735 925 conspectos
1754 862 2057 909 Callidamatis
2084 861 2381 918 adversitates
2408 862 2552 922 largiti

512 958 692 1000 sumus,
726 941 774 986 id
814 955 909 985 non
949 941 1059 985 item
1103 941 1335 1001 pertinere
1370 941 1430 993 ad
1472 942 1623 1003 ipsum
1663 940 1802 987 finem
1841 941 1979 987 huius
2016 941 2378 1005 scenae.potuit.
2452 940 2551 986 Non

513 1022 684 1078 nescio,
718 1018 832 1079 quid
866 1020 1168 1079 excusationis
1199 1028 1406 1080 paratum
1440 1020 1511 1064 sit.
1575 1020 1685 1065 Nam
1717 1019 1880 1067 Tranio
1911 1034 2014 1063 cum
2047 1034 2155 1066 sane
2172 1017 2230 1064 ad
2249 1034 2555 1079 congerrones

511 1114 558 1142 se
590 1113 696 1143 suos
729 1097 978 1150 collaturus
1006 1098 1064 1142 sit
1095 1113 1134 1144 v.
1163 1100 1250 1155 27,
1269 1106 1423 1142 tamen
1454 1097 1549 1144 hoc
1580 1097 1801 1157 quoniam
1836 1112 1930 1145 non
1963 1105 2114 1156 potest
2141 1113 2237 1141 non
2265 1098 2379 1140 clam
2413 1097 2556 1142 factu-—

511 1191 585 1220 rus
619 1191 740 1233 esse,
771 1176 833 1229 ita
867 1174 1055 1235 quidem
1084 1182 1135 1219 ut
1163 1174 1446 1233 Theai-opidi
1477 1173 1680 1218 videatur
1708 1190 1783 1218 rus
1814 1175 1967 1232 potius
1998 1182 2153 1233 petere
2186 1174 2441 1219 arcessendi
2474 1175 2555 1217 filii

515 1267 689 1296 caussa:
740 1253 786 1296 in
834 1251 1107 1295 contrariam
1147 1249 1470 1310 Theuropidiis
1521 1250 1711 1296 aedibus
1754 1260 1930 1310 pai-tem
1979 1260 2163 1311 oportet
2205 1252 2291 1296 iter
2333 1251 2557 1307 deflectat,

512 1328 635 1373 unde
669 1345 751 1387 per
784 1329 957 1373 viarum
992 1329 1203 1389 ambages
1240 1329 1460 1388 quasdam
1504 1328 1562 1373 ad
1593 1330 1818 1389 posticum
1854 1328 2035 1373 aedium
2079 1329 2257 1373 illarum
2277 1360 2279 1363 -
2301 1344 2557 1374 reversurus

514 1406 582 1448 sit.
650 1405 770 1448 Esto.
835 1405 1283 1459 verumne-oculos
1313 1406 1501 1464 quidem
1534 1405 1845 1450 discedentem
1880 1406 1928 1449 in
1961 1421 2061 1450 eam
2094 1405 2287 1450 donmm
2315 1405 2558 1462 coniicere,

512 1480 636 1540 unde
670 1490 846 1525 tantum
886 1489 1075 1542 tamque
1106 1497 1324 1542 praesens·
1352 1484 1397 1527 ei
1425 1483 1677 1543 periculum
1711 1484 1996 1541 immineret,
2031 1482 2081 1527 id
2119 1483 2329 1543 profecto·
2366 1484 2557 1527 nimium

509 1559 644 1604 fuerit
673 1575 759 1604 nec
792 1560 884 1603 ullo
918 1559 1064 1604 modo
1096 1559 1330 1619 credibile,
1361 1562 1625 1620 praesertim
1660 1563 1764 1607 cum
1800 1561 1859 1607 ad
1891 1562 2012 1606 illius*
2036 1561 2202 1606 domus
2235 1562 2557 1621 cogitationem

513 1646 657 1681 semet
689 1638 786 1696 ipse
818 1637 891 1680 his
919 1638 1073 1680 verbis⁴
1098 1646 1305 1682 revocet:

703 1713 861 1758 Dicam
894 1723 946 1758 ut
976 1714 1053 1757 hic
1088 1730 1159 1758 res
1191 1716 1281 1758 sint
1313 1716 1494 1774 quietae
1528 1724 1666 1775 atque
1699 1717 1822 1760 hunc
1856 1725 1915 1761 ut·
1938 1717 2049 1761 hinc
2080 1716 2341 1762 amaverim.
2364 1718 2401 1770 *’)

513 1791 629 1851 Ergo
662 1792 767 1835 illuc
800 1799 973 1850 spectet
1006 1807 1188 1835 necesse
1224 1802 1289 1835 est
1322 1802 1366 1835 et
1399 1793 1513 1836 nihil
1543 1803 1699 1837 tamen
1731 1795 1995 1857 conspiciat.
2072 1796 2105 1840 E
2139 1809 2232 1856 quo
2275 1809 2561 1854 consequens

515 1877 582 1913 est
613 1877 663 1913 ut
698 1887 822 1914 nunc
855 1869 1048 1926 lateant,
1078 1872 1158 1929 qui
1192 1881 1323 1914 antea
1354 1880 1458 1914 ante
1490 1873 1607 1914 fores
1642 1873 1866 1917 steterint:
1907 1887 2024 1934 quos
2052 1874 2088 1918 si
2122 1873 2426 1934 conspexisset
2452 1872 2563 1917 Tra-

517 1947 624 2005 nio,
655 1948 760 1992 ilico
795 1947 857 1991 de
898 1964 949 1991 se
985 1957 1134 2009 actum
1169 1967 1268 1993 esse
1302 1967 1582 2013 omnemque
1624 1953 1830 2001 fraudem
1876 1967 2004 1997 suam
2052 1952 2291 1997 etiamtum·
2335 1951 2563 2011 praesenti

516 2023 802 2084 Theuropidi
836 2026 1107 2084 patefactum
1141 2029 1198 2075 iri¹
1228 2031 1542 2079 intellexisset„
1594 2031 1798 2088 Quodsi,
1838 2047 1931 2091 quo
1966 2046 2012 2074 se
2046 2029 2334 2088 abdiderint,
2367 2029 2562 2090 quaeris,

518 2120 613 2149 nou
648 2112 714 2148 est
748 2102 931 2167 difficile
965 2104 1260 2164 respondere.
1309 2106 1493 2167 Quippe
1521 2123 1650 2168 pone·
1663 2110 1932 2154 vestibulum
1954 2108 2134 2153 aedium
2151 2107 2564 2166 Theuro'pidiarum

596 2352 643 2399 *)
667 2349 773 2390 Nulla
800 2349 900 2389 Maio
926 2347 1022 2388 fides
1050 2348 1238 2400 habenda,
1269 2353 1331 2402 qui
1359 2354 1401 2393 in-
1423 2354 1676 2394 Ambrosiam
1704 2355 1842 2393 codice
1866 2357 1932 2393 sic·
1951 2355 2025 2404 legi
2049 2354 2148 2392 hunc
2174 2364 2322 2391 versum
2350 2352 2561 2404 perhibeat:

771 2419 904 2456 Dicam
936 2421 974 2456 ut
999 2417 1088 2457 hinc
1115 2429 1177 2458 res
1206 2424 1262 2457 est
1289 2431 1433 2471 quaeso
1460 2428 1584 2470 arona
1610 2422 1729 2471 ferte}
1753 2433 1900 2461 manum
1929 2423 2047 2472 pueri.

674 2487 824 2526 Nostris
857 2486 976 2526 oculis
1007 2486 1100 2545 nihil
1126 2489 1203 2527 nisi·
1232 2488 1327 2528 haec
1353 2495 1625 2541 apparuerunt:

768 2554 899 2592 Dicam
925 2558 964 2592 ut
991 2553 1077 2593 hinc
1109 2566 1174 2594 res
1198 2556 1273 2595 sint
1302 2568 1432 2607 qu-..s
1446 2587 2053 2600 ................
2080 2560 2245 2608 moueri,

675 2625 716 2661 ut
742 2620 790 2661 de
819 2632 867 2661 eo
897 2626 1001 2662 certe
1028 2633 1105 2662 non
1133 2625 1182 2664 sit
1209 2625 1472 2677 dubitandum,
1508 2629 1597 2681 quin
1630 2628 1861 2669 ‘amoverim’
1896 2628 2077 2680 scriptum
2111 2626 2223 2677 fuerit
2250 2630 2290 2669 in
2315 2628 2387 2667 fine
2416 2636 2562 2668 versus.

680 2691 763 2737 Quo
791 2690 831 2730 in
857 2690 946 2731 loco
976 2691 1172 2742 aliquoties
1199 2694 1261 2733 ille
1285 2695 1380 2736 liber
1402 2696 1426 2739 ῖ
1451 2697 1565 2737 habet
1592 2709 1661 2749 pro
1701 2697 1753 2737 m
1780 2703 1818 2737 et
1854 2708 1952 2747 quae
1987 2697 2027 2737 id
2061 2708 2182 2748 genus
2220 2697 2293 2736 alia
2326 2700 2421 2749 sunt.
2483 2695 2562 2742 Nec

681 2761 878 2811 quicquam·
904 2761 1066 2810 ineptius
1092 2762 1219 2802 verbis
1243 2773 1265 2801 a
1291 2763 1390 2804 Maio
1414 2766 1560 2817 positis.
1614 2753 1735 2806 vnum
1763 2765 1792 2806 S
1818 2764 1919 2814 illud,
1946 2765 2047 2818 quod
2071 2768 2130 2806 est'
2153 2771 2240 2817 post
2261 2764 2347 2812 QU.
2363 2795 2372 2804 .
2387 2794 2400 2815 ‚
2423 2763 2564 2819 haereo

682 2838 790 2876 quam
817 2830 857 2867 in
884 2832 1028 2878 partem
1056 2831 1291 2882 interpreter.
1345 2833 1455 2880 Quod
1483 2835 1549 2873 ubi
1571 2835 1726 2874 missum
1755 2833 1917 2883 feceris,
1945 2834 1983 2873 in
2010 2833 2219 2874 litterarum
2248 2832 2367 2883 spatia
2393 2844 2441 2872 ea
2468 2842 2564 2884 quae

678 2894 850 2945 vulgatur
875 2895 1062 2946 scriptura
1090 2900 1258 2947 apprimo
1280 2904 1471 2941 convenit.
1498 2925 1547 2934 -
1580 2902 1754 2942 Ceterum
1782 2912 1867 2942 cum
1901 2904 1941 2942 in
1975 2893 2123 2954 scriptis
2158 2901 2263 2940 libris
2290 2901 2338 2941 sit
2370 2899 2496 2952 ‘atque
2524 2905 2564 2940 ut

678 2960 780 3002 hunc
804 2963 892 3002 hinc
918 2963 1146 3015 mverim',
1166 2970 1308 3016 poteris
1337 2971 1371 3009 si
1397 2971 1515 3009 males
1544 2970 1592 3009 de
1619 2971 1747 3021 elapsa
1772 2970 1913 3023 syllaba
1942 2971 2136 3024 cogitare:
2154 2967 2282 3022 ‘atque
2305 2969 2347 3009 iit
2371 2978 2438 3021 eqo
2463 2967 2565 3010 hunc

674 3031 765 3073 hinc
794 3032 1023 3076 amoverim'.
