2849 3591
1287 191 1597 233 ..12-

584 313 727 360 ,ABL
764 346 778 356 .
811 347 821 355 .
859 313 1104 360 .U.BUM.
1141 347 1151 357 .
1189 313 1288 359 .=C.v
1315 346 1325 357 .
1362 346 1373 357 .
1408 346 1418 357 .
1453 331 1551 361 ην.»
1581 346 1591 357 .
1618 311 2280 362 ..„...L...mscEAEmBUS
2337 341 2340 343 ·

422 394 493 436 vix
523 391 646 438 fallar
677 392 714 436 si
747 391 868 437 hanc
898 407 1164 438 sermonum
1196 392 1546 439 continuitatem
1573 391 1794 441 effeceroz

571 468 659 513 ΤΗ.
696 471 860 527 Ruere,
890 485 1028 515 nemo
1061 471 1139 515 hic
1168 470 1365 516 habitat:
1399 485 1506 515 nam
1538 479 1584 514 te
1617 485 1713 514 esse
1748 471 1944 515 arbitror
1962 474 2170 530 *puerum
2201 468 2415 529 probum.

450 549 507 590 35
574 546 663 590 ΡΗ.
697 548 802 593 Νὸιι
835 549 915 593 hic
947 548 1232 593 Philolaches
1263 546 1531 625 adulescens
1562 549 1739 595 habitat
1768 548 1895 593 hisce
1922 549 1971 593 in
2000 547 2223 595 aedibus?
2337 582 2341 589 .

575 625 662 669 ΤΗ.
698 626 1024 679 [Η]ἔὼί[ιεινὶῑε]
1057 628 1250 677 v[e]rum
1284 624 1826 685 [emi]g[ravit‚p]r[idem
1861 627 1974 679 il]l[e
2004 630 2077 677 ex]
2110 627 2235 671 hisce
2268 625 2469 671 aedibus.

451 707 511 747 36
577 704 655 747 SE.
698 705 777 746 Hic
806 718 940 746 senex
973 687 1240 746 cerebrosus
1270 710 1446 745 certest.
1511 702 1597 745 ΡΗ.
1632 707 1753 746 erras
1783 707 1997 764 pervorse
2026 712 2176 764 pater:

577 781 687 825 NAm
730 781 813 824 nisi
849 781 956 823 hinc
989 779 1130 823 hodie
1168 780 1404 839 emigravit
1435 766 1672 839 antheri,
1703 786 1828 825 certo
1862 782 1957 826 scio
2138 764 2143 770 x

578 860 658 902 Hic
693 860 910 903 habitare.
955 859 1044 903 ΤΗ.
1077 862 1191 919 quin
1213 873 1289 903 sex
1320 857 1493 902 mensis
1528 859 1619 911 iam
1652 860 1727 904 hic
1761 875 1897 905 nemo
1919 859 2105 905 habitat.
2155 858 2234 903 SE.
2257 859 2472 902 somnias.

424 939 517 984 Nisi
552 940 691 983 males
722 936 889 980 ‘verum
925 937 1161 997 emigravit
1196 937 1268 981 ille
1302 939 1491 999 quidem
1528 954 1567 983 e.
1598 938 1642 982 b.
1676 936 1723 983 a?
1786 938 1903 982 Talis
1946 945 2095 982 autem
2140 949 2291 980 versus
2323 949 2476 979 acces-

420 1017 551 1061 sione
579 1015 906 1060 sententiarum
941 1014 1075 1058 nexui
1108 1014 1178 1058 vel
1209 1015 1306 1060 sine
1335 1015 1558 1062 librorum
1583 1014 1756 1061 indicio
1778 1013 2109 1060 consulendum
2145 1012 2302 1058 suerat.
2368 1011 2474 1068 Quo

423 1095 544 1137 enim
577 1102 785 1153 spectare
825 1092 1036 1137 Phanisci
1082 1093 1219 1137 verba
1255 1077 1387 1140 ‘erras
1427 1095 1638 1156 pervorse
1679 1093 1822 1153 pater'
1859 1091 2093 1137 dicamus?
2140 1089 2328 1151 quando
2375 1091 2477 1147 illis,

421 1186 539 1230 quae
571 1187 613 1216 v.
648 1166 709 1216 34
743 1168 857 1214 dixit
888 1167 1220 1228 Theuropides,
1252 1169 1724 1231 Phaniscusquidem
1759 1170 1849 1215 iam
1883 1168 2185 1230 responderat
2213 1183 2254 1213 v.
2289 1170 2364 1214 35.
2415 1169 2478 1212 Ac

419 1249 478 1292 de
509 1248 807 1309 emigratione
840 1246 1045 1289 locutum
1079 1260 1175 1289 esse
1209 1261 1381 1306 senem,
1413 1249 1521 1293 satis
1553 1263 1650 1293 esse
1675 1247 1957 1293 documento
1978 1249 2094 1291 v-37
2117 1254 2282 1306 potest.
2326 1246 2477 1290 Omit-

421 1325 547 1371 tendi
579 1334 732 1379 autem
765 1338 969 1368 caussam
1004 1324 1052 1368 in
1086 1325 1331 1384 propatulo
1367 1335 1434 1371 est
1466 1341 1624 1386 parem
1659 1330 1869 1371 versuum
1903 1324 2073 1368 exitum
2106 1322 2254 1368 fuisse.
2320 1322 2477 1368 ‘Puere

422 1417 558 1447 nemo
598 1401 675 1446 hic
708 1399 897 1445 habitat’
925 1415 966 1444 v.
1002 1398 1062 1446 34
1104 1403 1467 1461 transposuimus
1505 1419 1608 1449 cum
1653 1403 1974 1448 Ambrosiano:
2019 1415 2072 1445 ex
2112 1398 2373 1458 eodemque
2408 1398 2479 1443 ‘in’

421 1479 647 1524 adiectum
680 1479 894 1538 proximo
927 1493 1072 1524 versu.

544 1555 822 1617 Progredior
854 1555 913 1602 ad
946 1555 1016 1614 Q,
1051 1572 1170 1618 quae
1203 1556 1373 1605 scheda
1406 1560 1592 1621 paginas
1631 1561 1717 1605 301
1756 1568 1802 1604 et
1835 1562 1929 1605 302
1961 1566 2141 1618 aequat.
2204 1556 2259 1603 Et
2295 1572 2340 1616 p.
2374 1555 2478 1614 qui-

423 1637 527 1684 dem
564 1638 650 1682 301
688 1636 782 1680 ima
830 1635 1040 1695 quinque
1088 1651 1243 1682 versus
1283 1637 1458 1695 tenuit,
1494 1652 1682 1683 summa·
1704 1646 1855 1682 autem
1898 1640 1991 1682 302
2024 1635 2169 1692 duos,
2202 1634 2282 1694 qui
2318 1647 2480 1677 omnes

422 1715 566 1760 hodie
601 1713 920 1760 desiderantur
953 1723 1093 1774 atque
1123 1715 1213 1763 iam
1249 1714 1298 1758 in
1330 1715 1544 1763 Palatinis
1570 1714 2006 1760 libris‘exciderant.
2070 1714 2131 1759 Ex
2160 1713 2232 1757 his
2265 1718 2481 1771 quattuor

428 1809 612 1852 prorsus
646 1801 929 1837 evanuerunt
962 1793 1010 1837 in
1039 1794 1319 1838 membranis
1350 1793 1687 1854 Ambrosianis3
1725 1807 1885 1838 eorum
1906 1801 2075 1850 autem,
2107 1791 2187 1852 qui
2210 1789 2357 1834 ultimi
2379 1795 2482 1831 sunt

429 1872 619 1929 paginae
653 1872 846 1930 prioris,
873 1870 987 1914 haec
1019 1879 1197 1915 tantum
1229 1872 1360 1915 initia
1392 1872 1477 1931 legi
1509 1880 1779 1931 potuerunt:

994 1947 1103 1992 AUT
1132 1948 1216 2000 (vel
1245 1948 1372 2002 MET)
1438 1983 1449 1995 .
1512 1983 1524 1996 .
1589 1981 1601 1995 .
1644 1984 1677 2008 v.
1742 1985 1752 1995 .
1818 1984 1829 1994 .

998 2024 1112 2070 PRO
1188 2056 1746 2070 ........
1795 2044 1823 2069 ’.

841 2157 843 2160 ¹
995 2102 1098 2149 lLLl
1184 2135 1821 2151 .........

428 2179 826 2241 Acquiescendum
861 2181 995 2241 igitur
1027 2181 1075 2225 in
1108 2195 1188 2239 eo,
1221 2189 1271 2227 ut
1303 2182 1419 2226 inter
1450 2182 1501 2239 V,
1539 2186 1579 2240 1,
1616 2185 1671 2227 13
1707 2188 1755 2225 et
1787 2180 1845 2225 14
1877 2179 2084 2225 lacunam
2121 2190 2215 2222 esse
2256 2190 2483 2237 cognove-

428 2260 569 2304 rimus
601 2266 778 2321 septem
811 2259 883 2304 vel
913 2273 1060 2320 prope
1091 2266 1266 2320 septem
1300 2273 1530 2305 versuum:
1575 2256 1804 2320 siquidem
1838 2271 1955 2303 unus
1987 2255 2154 2301 alterve
2185 2261 2376 2315 propter
2411 2253 2483 2299 ni-

430 2338 569 2381 miam
603 2336 942 2398 longitudinem
975 2337 1126 2397 potuit
1156 2335 1336 2382 divisim
1370 2338 1563 2398 scriptus
1591 2350 1700 2384 esse.
1748 2336 1802 2382 Et
1834 2333 2009 2395 aliquid
2037 2347 2145 2379 sane
2171 2330 2327 2378 deesse
2354 2331 2484 2377 facile

430 2422 642 2475 potuerat
675 2414 782 2464 inde
817 2414 1090 2473 existimari,
1122 2413 1252 2476 quod
1282 2429 1323 2462 v.
1369 2417 1425 2462 13
1457 2414 1584 2461 ‘clam
1620 2412 1726 2461 esse'
1759 2412 1898 2459 verba
1940 2410 2146 2458 subiecto
2185 2407 2481 2470 grammatico

432 2499 598 2540 carent.
663 2492 849 2555 Septem
883 2501 1034 2541 autem
1064 2507 1276 2539 versuum
1310 2492 1492 2539 illorum
1526 2493 1575 2539 in
1610 2499 1828 2553 promptu
1861 2498 1928 2536 est
1949 2489 2083 2550 quale
2117 2487 2318 2549 potuerit
2350 2501 2483 2547 argu-

433 2578 637 2616 mentum
672 2584 788 2616 esse:
831 2571 958 2617 cuius
986 2580 1038 2618 ut
1072 2571 1409 2631 expositionem
1448 2569 1977 2631 compendifaceremuS,
2018 2567 2104 2614 hos
2146 2566 2333 2612 lusimus
2367 2578 2485 2623 quos

435 2647 548 2692 infra
578 2649 839 2709 posuimus:

469 2727 525 2769 13
587 2726 697 2772 Nam
730 2727 825 2773 seio
864 2725 1081 2789 equidem
1116 2727 1244 2773 nullo
1277 2735 1412 2788 pacto
1450 2727 1539 2772 iam
1574 2729 1669 2772 esse
1699 2739 1834 2786 posse
1867 2723 1980 2768 clam
2010 2737 2191 2779 senem,

592 2801 768 2860 Quibus
800 2803 919 2850 dolis
951 2805 1303 2851 concenturiatis
1337 2810 1442 2850 etim
1478 2820 1561 2865 ego
1595 2802 1852 2850 ludificatus
1879 2818 1994 2847 sum.

589 2880 702 2926 Nam
734 2885 786 2926 ut
818 2897 946 2927 erum
979 2882 1072 2928 vidi
1103 2884 1369 2944 gestientem
1402 2882 1512 2927 salso
1546 2881 1878 2938 mercimonio,

588 2958 767 3004 Metuo
796 2975 854 3005 ne
886 2958 945 3005 ad
976 2965 1181 3026 nostrum
1214 2961 1413 3006 vicinum
1448 2960 1681 3021 protinam
1714 2958 1958 3005 contulerit
1988 2953 2173 3016 pedem,

589 3037 694 3083 Pro
726 3038 890 3098 e'mptis
919 3036 1132 3097 aedibus,
1164 3024 1276 3100 quas
1306 3040 1454 3087 inhiat
1487 3043 1652 3097 miser,
1682 3048 1733 3084 ut
1765 3038 1962 3099 pretium
1997 3032 2203 3079 solveret.
