<?xml version="1.0" encoding="UTF-8"?>
<!DOCTYPE html PUBLIC "-//W3C//DTD XHTML 1.0 Transitional//EN"
    "http://www.w3.org/TR/xhtml1/DTD/xhtml1-transitional.dtd">
<html xmlns="http://www.w3.org/1999/xhtml" xml:lang="en" lang="en">
 <head>
  <title>
</title>
<meta http-equiv="Content-Type" content="text/html;charset=utf-8" />
  <meta name='ocr-system' content='tesseract 3.04.00' />
  <meta name='ocr-capabilities' content='ocr_page ocr_carea ocr_par ocr_line ocrx_word'/>
</head>
<body>
  <div class='ocr_page' id='page_1' title='image "4777354_0056.png"; bbox 0 0 2849 3591; ppageno 0'>
   <div class='ocr_carea' id='block_1_1' title="bbox 0 0 532 290">
    <p class='ocr_par' dir='ltr' id='par_1_1' title="bbox 0 0 532 290">
     <span class='ocr_line' id='line_1_1' title="bbox 0 0 532 290; baseline 0 3301"><span class='ocrx_word' id='word_1_1' title='bbox 0 0 532 290; x_wconf 95' lang='lat' dir='ltr'><strong> </strong></span> 
     </span>
    </p>
   </div>
   <div class='ocr_carea' id='block_1_2' title="bbox 1323 241 1632 289">
    <p class='ocr_par' dir='ltr' id='par_1_2' title="bbox 1323 241 1632 289">
     <span class='ocr_line' id='line_1_2' title="bbox 1323 241 1632 289; baseline 0.003 -9"><span class='ocrx_word' id='word_1_2' title='bbox 1323 241 1632 289; x_wconf 70' lang='lat'><strong>-46—</strong></span> 
     </span>
    </p>
   </div>
   <div class='ocr_carea' id='block_1_3' title="bbox 447 365 2531 2135">
    <p class='ocr_par' dir='ltr' id='par_1_3' title="bbox 447 365 2519 816">
     <span class='ocr_line' id='line_1_3' title="bbox 448 365 2513 427; baseline -0.001 -6"><span class='ocrx_word' id='word_1_3' title='bbox 448 388 572 421; x_wconf 89' lang='lat' dir='ltr'><strong>nunc</strong></span> <span class='ocrx_word' id='word_1_4' title='bbox 598 385 672 416; x_wconf 90' lang='lat' dir='ltr'><strong>me</strong></span> <span class='ocrx_word' id='word_1_5' title='bbox 700 377 752 415; x_wconf 89' lang='lat' dir='ltr'><strong>tu</strong></span> <span class='ocrx_word' id='word_1_6' title='bbox 778 370 874 414; x_wconf 79' lang='lat' dir='ltr'><strong>istis</strong></span> <span class='ocrx_word' id='word_1_7' title='bbox 903 369 1069 414; x_wconf 81' lang='lat' dir='ltr'><strong>verbis.</strong></span> <span class='ocrx_word' id='word_1_8' title='bbox 1086 366 1312 417; x_wconf 53' lang='lat' dir='ltr'><strong>teri-staff„</strong></span> <span class='ocrx_word' id='word_1_9' title='bbox 1356 368 1469 415; x_wconf 86' lang='lat' dir='ltr'><strong>Nam</strong></span> <span class='ocrx_word' id='word_1_10' title='bbox 1498 381 1591 413; x_wconf 86' lang='lat' dir='ltr'><strong>nec</strong></span> <span class='ocrx_word' id='word_1_11' title='bbox 1620 366 1728 412; x_wconf 79' lang='lat' dir='ltr'><strong>satis</strong></span> <span class='ocrx_word' id='word_1_12' title='bbox 1760 374 1828 412; x_wconf 74' lang='lat' dir='ltr'><strong>eet</strong></span> <span class='ocrx_word' id='word_1_13' title='bbox 1858 365 2010 413; x_wconf 67' lang='lat' dir='ltr'><strong>verbis</strong></span> <span class='ocrx_word' id='word_1_14' title='bbox 2041 365 2090 421; x_wconf 85' lang='lat' dir='ltr'><strong>id</strong></span> <span class='ocrx_word' id='word_1_15' title='bbox 2122 369 2513 427; x_wconf 77' lang='lat' dir='ltr'><strong>pervicacissimae</strong></span> 
     </span>
     <span class='ocr_line' id='line_1_4' title="bbox 452 443 2517 507; baseline -0 -13"><span class='ocrx_word' id='word_1_16' title='bbox 452 448 620 499; x_wconf 80' lang='lat' dir='ltr'><strong>indolis</strong></span> <span class='ocrx_word' id='word_1_17' title='bbox 651 454 958 495; x_wconf 69' lang='lat' dir='ltr'><strong>veteratorem</strong></span> <span class='ocrx_word' id='word_1_18' title='bbox 994 445 1234 507; x_wconf 84' lang='lat' dir='ltr'><strong>profiteri,</strong></span> <span class='ocrx_word' id='word_1_19' title='bbox 1265 443 1348 496; x_wconf 76' lang='lat' dir='ltr'><strong>sed</strong></span> <span class='ocrx_word' id='word_1_20' title='bbox 1394 462 1442 491; x_wconf 85' lang='lat' dir='ltr'><strong>re</strong></span> <span class='ocrx_word' id='word_1_21' title='bbox 1482 445 1789 504; x_wconf 82' lang='lat' dir='ltr'><strong>comprobare</strong></span> <span class='ocrx_word' id='word_1_22' title='bbox 1835 453 2044 503; x_wconf 80' lang='lat' dir='ltr'><strong>oportet:</strong></span> <span class='ocrx_word' id='word_1_23' title='bbox 2071 451 2179 492; x_wconf 79' lang='lat' dir='ltr'><strong>&#39;ne&#39;e</strong></span> <span class='ocrx_word' id='word_1_24' title='bbox 2223 455 2391 503; x_wconf 86' lang='lat' dir='ltr'><strong>poetae</strong></span> <span class='ocrx_word' id='word_1_25' title='bbox 2431 451 2517 493; x_wconf 74' lang='lat' dir='ltr'><strong>arti</strong></span> 
     </span>
     <span class='ocr_line' id='line_1_5' title="bbox 448 520 2518 585; baseline -0.001 -14"><span class='ocrx_word' id='word_1_26' title='bbox 448 523 682 584; x_wconf 82' lang='lat' dir='ltr'><strong>convenit,</strong></span> <span class='ocrx_word' id='word_1_27' title='bbox 711 540 811 571; x_wconf 90' lang='lat' dir='ltr'><strong>non</strong></span> <span class='ocrx_word' id='word_1_28' title='bbox 845 523 888 570; x_wconf 91' lang='lat' dir='ltr'><strong>ei</strong></span> <span class='ocrx_word' id='word_1_29' title='bbox 920 523 1075 585; x_wconf 80' lang='lat' dir='ltr'><strong>potius</strong></span> <span class='ocrx_word' id='word_1_30' title='bbox 1109 522 1326 581; x_wconf 85' lang='lat' dir='ltr'><strong>orationi,</strong></span> <span class='ocrx_word' id='word_1_31' title='bbox 1358 522 1406 568; x_wconf 91' lang='lat' dir='ltr'><strong>in</strong></span> <span class='ocrx_word' id='word_1_32' title='bbox 1440 537 1534 584; x_wconf 83' lang='lat' dir='ltr'><strong>qua</strong></span> <span class='ocrx_word' id='word_1_33' title='bbox 1564 532 1726 582; x_wconf 76' lang='lat' dir='ltr'><strong>reapse</strong></span> <span class='ocrx_word' id='word_1_34' title='bbox 1758 520 1957 569; x_wconf 75' lang='lat' dir='ltr'><strong>faenoris</strong></span> <span class='ocrx_word' id='word_1_35' title='bbox 1988 521 2125 568; x_wconf 74' lang='lat' dir='ltr'><strong>toties</strong></span> <span class='ocrx_word' id='word_1_36' title='bbox 2156 521 2309 582; x_wconf 80' lang='lat' dir='ltr'><strong>petitis</strong></span> <span class='ocrx_word' id='word_1_37' title='bbox 2340 525 2518 569; x_wconf 83' lang='lat' dir='ltr'><strong>mentio</strong></span> 
     </span>
     <span class='ocr_line' id='line_1_6' title="bbox 447 599 2518 662; baseline -0.001 -16"><span class='ocrx_word' id='word_1_38' title='bbox 447 602 543 660; x_wconf 84' lang='lat' dir='ltr'><strong>fiat,</strong></span> <span class='ocrx_word' id='word_1_39' title='bbox 576 618 720 662; x_wconf 88' lang='lat' dir='ltr'><strong>quam</strong></span> <span class='ocrx_word' id='word_1_40' title='bbox 754 603 823 659; x_wconf 90' lang='lat' dir='ltr'><strong>ei,</strong></span> <span class='ocrx_word' id='word_1_41' title='bbox 854 618 947 660; x_wconf 88' lang='lat' dir='ltr'><strong>qua</strong></span> <span class='ocrx_word' id='word_1_42' title='bbox 979 600 1322 661; x_wconf 84' lang='lat' dir='ltr'>propemodum</span> <span class='ocrx_word' id='word_1_43' title='bbox 1357 600 1591 645; x_wconf 82' lang='lat' dir='ltr'><strong>obmutuit</strong></span> <span class='ocrx_word' id='word_1_44' title='bbox 1622 600 1834 659; x_wconf 81' lang='lat' dir='ltr'><strong>petitoris</strong></span> <span class='ocrx_word' id='word_1_45' title='bbox 1872 599 2188 660; x_wconf 83' lang='lat' dir='ltr'><strong>impudentia,</strong></span> <span class='ocrx_word' id='word_1_46' title='bbox 2219 599 2335 646; x_wconf 77' lang='lat' dir='ltr'><strong>haec</strong></span> <span class='ocrx_word' id='word_1_47' title='bbox 2367 602 2518 645; x_wconf 87' lang='lat' dir='ltr'><strong>conti-</strong></span> 
     </span>
     <span class='ocr_line' id='line_1_7' title="bbox 451 675 2519 739; baseline -0.002 -14"><span class='ocrx_word' id='word_1_48' title='bbox 451 695 595 725; x_wconf 83' lang='lat' dir='ltr'><strong>nuare</strong></span> <span class='ocrx_word' id='word_1_49' title='bbox 627 679 938 739; x_wconf 86' lang='lat' dir='ltr'><strong>Theuropidis</strong></span> <span class='ocrx_word' id='word_1_50' title='bbox 972 696 1094 724; x_wconf 92' lang='lat' dir='ltr'><strong>nunc</strong></span> <span class='ocrx_word' id='word_1_51' title='bbox 1125 679 1328 738; x_wconf 88' lang='lat' dir='ltr'><strong>primum</strong></span> <span class='ocrx_word' id='word_1_52' title='bbox 1358 678 1702 724; x_wconf 79' lang='lat' dir='ltr'><strong>intervenientis</strong></span> <span class='ocrx_word' id='word_1_53' title='bbox 1734 675 2069 736; x_wconf 81' lang='lat' dir='ltr'><strong>verba=.‘quod</strong></span> <span class='ocrx_word' id='word_1_54' title='bbox 2099 679 2208 723; x_wconf 86' lang='lat' dir='ltr'><strong>illuc</strong></span> <span class='ocrx_word' id='word_1_55' title='bbox 2237 687 2317 724; x_wconf 73' lang='lat' dir='ltr'><strong>‚est</strong></span> <span class='ocrx_word' id='word_1_56' title='bbox 2347 678 2519 735; x_wconf 71' lang='lat' dir='ltr'><strong>faenus,</strong></span> 
     </span>
     <span class='ocr_line' id='line_1_8' title="bbox 451 752 1131 816; baseline -0.001 -14"><span class='ocrx_word' id='word_1_57' title='bbox 451 756 675 815; x_wconf 87' lang='lat' dir='ltr'><strong>obsecro,</strong></span> <span class='ocrx_word' id='word_1_58' title='bbox 709 755 839 816; x_wconf 91' lang='lat' dir='ltr'><strong>quod</strong></span> <span class='ocrx_word' id='word_1_59' title='bbox 871 756 963 802; x_wconf 91' lang='lat' dir='ltr'><strong>illic</strong></span> <span class='ocrx_word' id='word_1_60' title='bbox 995 752 1131 815; x_wconf 85' lang='lat' dir='ltr'><strong>petit&#39;.</strong></span> 
     </span>
    </p>

    <p class='ocr_par' dir='ltr' id='par_1_4' title="bbox 454 833 2526 1359">
     <span class='ocr_line' id='line_1_9' title="bbox 579 833 2520 894; baseline 0 -15"><span class='ocrx_word' id='word_1_61' title='bbox 579 834 667 879; x_wconf 88' lang='lat' dir='ltr'><strong>Has</strong></span> <span class='ocrx_word' id='word_1_62' title='bbox 696 833 832 894; x_wconf 85' lang='lat' dir='ltr'><strong>igitur</strong></span> <span class='ocrx_word' id='word_1_63' title='bbox 863 842 930 878; x_wconf 89' lang='lat' dir='ltr'><strong>tot</strong></span> <span class='ocrx_word' id='word_1_64' title='bbox 961 841 1203 893; x_wconf 87' lang='lat' dir='ltr'><strong>tantasque</strong></span> <span class='ocrx_word' id='word_1_65' title='bbox 1232 833 1510 878; x_wconf 82' lang='lat' dir='ltr'><strong>offensiones</strong></span> <span class='ocrx_word' id='word_1_66' title='bbox 1540 834 1577 878; x_wconf 81' lang='lat' dir='ltr'><strong>si</strong></span> <span class='ocrx_word' id='word_1_67' title='bbox 1606 850 1700 877; x_wconf 90' lang='lat' dir='ltr'><strong>non</strong></span> <span class='ocrx_word' id='word_1_68' title='bbox 1730 833 1960 893; x_wconf 77' lang='lat' dir='ltr'><strong>patienter</strong></span> <span class='ocrx_word' id='word_1_69' title='bbox 1987 834 2259 893; x_wconf 68' lang='lat' dir='ltr'><strong>concoquis,</strong></span> <span class='ocrx_word' id='word_1_70' title='bbox 2284 835 2367 879; x_wconf 75' lang='lat' dir='ltr'><strong>sed</strong></span> <span class='ocrx_word' id='word_1_71' title='bbox 2396 835 2520 879; x_wconf 86' lang='lat' dir='ltr'><strong>radi-</strong></span> 
     </span>
     <span class='ocr_line' id='line_1_10' title="bbox 454 902 2521 972; baseline 0 -17"><span class='ocrx_word' id='word_1_72' title='bbox 454 910 570 956; x_wconf 85' lang='lat' dir='ltr'>citus</span> <span class='ocrx_word' id='word_1_73' title='bbox 600 910 751 971; x_wconf 81' lang='lat' dir='ltr'><strong>‘atque</strong></span> <span class='ocrx_word' id='word_1_74' title='bbox 784 909 900 956; x_wconf 89' lang='lat' dir='ltr'><strong>adeo</strong></span> <span class='ocrx_word' id='word_1_75' title='bbox 936 902 1190 956; x_wconf 79' lang='lat' dir='ltr'><strong>eradicitus&#39;</strong></span> <span class='ocrx_word' id='word_1_76' title='bbox 1225 910 1582 957; x_wconf 85' lang='lat' dir='ltr'><strong>summovendas</strong></span> <span class='ocrx_word' id='word_1_77' title='bbox 1612 912 1769 969; x_wconf 83' lang='lat' dir='ltr'><strong>sentis,</strong></span> <span class='ocrx_word' id='word_1_78' title='bbox 1802 912 1899 957; x_wconf 91' lang='lat' dir='ltr'><strong>noli</strong></span> <span class='ocrx_word' id='word_1_79' title='bbox 1930 927 2035 957; x_wconf 89' lang='lat' dir='ltr'><strong>cum</strong></span> <span class='ocrx_word' id='word_1_80' title='bbox 2067 912 2336 972; x_wconf 76' lang='lat' dir='ltr'>ignavorum</span> <span class='ocrx_word' id='word_1_81' title='bbox 2354 927 2521 972; x_wconf 80' lang='lat' dir='ltr'><strong>genere</strong></span> 
     </span>
     <span class='ocr_line' id='line_1_11' title="bbox 455 987 2521 1051; baseline 0.002 -19"><span class='ocrx_word' id='word_1_82' title='bbox 455 988 694 1033; x_wconf 75' lang='lat' dir='ltr'><strong>fortiorem</strong></span> <span class='ocrx_word' id='word_1_83' title='bbox 724 987 1005 1033; x_wconf 87' lang='lat' dir='ltr'><strong>medicinam</strong></span> <span class='ocrx_word' id='word_1_84' title='bbox 1040 1004 1353 1049; x_wconf 84' lang='lat' dir='ltr'><strong>expavescere,</strong></span> <span class='ocrx_word' id='word_1_85' title='bbox 1381 989 1463 1034; x_wconf 89' lang='lat' dir='ltr'><strong>sed</strong></span> <span class='ocrx_word' id='word_1_86' title='bbox 1495 1005 1534 1035; x_wconf 83' lang='lat' dir='ltr'><strong>v.</strong></span> <span class='ocrx_word' id='word_1_87' title='bbox 1570 991 1626 1035; x_wconf 88' lang='lat'><strong>61</strong></span> <span class='ocrx_word' id='word_1_88' title='bbox 1662 998 1913 1051; x_wconf 83' lang='lat' dir='ltr'><strong>transpone</strong></span> <span class='ocrx_word' id='word_1_89' title='bbox 1945 999 2052 1051; x_wconf 78' lang='lat' dir='ltr'><strong>post</strong></span> <span class='ocrx_word' id='word_1_90' title='bbox 2083 992 2160 1050; x_wconf 85' lang='lat'><strong>58,</strong></span> <span class='ocrx_word' id='word_1_91' title='bbox 2189 1003 2258 1036; x_wconf 79' lang='lat' dir='ltr'><strong>vv.</strong></span> <span class='ocrx_word' id='word_1_92' title='bbox 2277 987 2521 1038; x_wconf 75' lang='lat'><strong>62.63.64</strong></span> 
     </span>
     <span class='ocr_line' id='line_1_12' title="bbox 457 1067 2523 1128; baseline 0 -18"><span class='ocrx_word' id='word_1_93' title='bbox 457 1075 564 1126; x_wconf 88' lang='lat' dir='ltr'><strong>post</strong></span> <span class='ocrx_word' id='word_1_94' title='bbox 590 1070 678 1124; x_wconf 80' lang='lat'><strong>72,</strong></span> <span class='ocrx_word' id='word_1_95' title='bbox 709 1082 746 1111; x_wconf 85' lang='lat' dir='ltr'><strong>v.</strong></span> <span class='ocrx_word' id='word_1_96' title='bbox 784 1070 841 1113; x_wconf 85' lang='lat'><strong>73</strong></span> <span class='ocrx_word' id='word_1_97' title='bbox 875 1076 983 1127; x_wconf 88' lang='lat' dir='ltr'><strong>post</strong></span> <span class='ocrx_word' id='word_1_98' title='bbox 1013 1071 1100 1125; x_wconf 84' lang='lat'><strong>77,</strong></span> <span class='ocrx_word' id='word_1_99' title='bbox 1130 1084 1169 1113; x_wconf 81' lang='lat' dir='ltr'><strong>v.</strong></span> <span class='ocrx_word' id='word_1_100' title='bbox 1205 1071 1262 1113; x_wconf 90' lang='lat'><strong>75</strong></span> <span class='ocrx_word' id='word_1_101' title='bbox 1298 1076 1403 1128; x_wconf 89' lang='lat' dir='ltr'><strong>post</strong></span> <span class='ocrx_word' id='word_1_102' title='bbox 1436 1069 1513 1113; x_wconf 81' lang='lat'><strong>80.</strong></span> <span class='ocrx_word' id='word_1_103' title='bbox 1589 1067 1693 1124; x_wconf 87' lang='lat' dir='ltr'><strong>Qua</strong></span> <span class='ocrx_word' id='word_1_104' title='bbox 1733 1069 1912 1113; x_wconf 83' lang='lat' dir='ltr'><strong>ratione</strong></span> <span class='ocrx_word' id='word_1_105' title='bbox 1957 1076 2008 1112; x_wconf 84' lang='lat' dir='ltr'><strong>ut</strong></span> <span class='ocrx_word' id='word_1_106' title='bbox 2049 1069 2229 1127; x_wconf 88' lang='lat' dir='ltr'><strong>plenius</strong></span> <span class='ocrx_word' id='word_1_107' title='bbox 2275 1067 2523 1127; x_wconf 82' lang='lat' dir='ltr'><strong>perspicias</strong></span> 
     </span>
     <span class='ocr_line' id='line_1_13' title="bbox 457 1142 2523 1206; baseline 0 -18"><span class='ocrx_word' id='word_1_108' title='bbox 457 1158 597 1202; x_wconf 87' lang='lat' dir='ltr'><strong>quam</strong></span> <span class='ocrx_word' id='word_1_109' title='bbox 627 1144 858 1189; x_wconf 87' lang='lat' dir='ltr'><strong>concinne</strong></span> <span class='ocrx_word' id='word_1_110' title='bbox 894 1161 918 1189; x_wconf 92' lang='lat' dir='ltr'><strong>e</strong></span> <span class='ocrx_word' id='word_1_111' title='bbox 952 1145 1138 1206; x_wconf 86' lang='lat' dir='ltr'><strong>singulis</strong></span> <span class='ocrx_word' id='word_1_112' title='bbox 1170 1145 1345 1204; x_wconf 87' lang='lat' dir='ltr'><strong>singula</strong></span> <span class='ocrx_word' id='word_1_113' title='bbox 1377 1153 1481 1204; x_wconf 88' lang='lat' dir='ltr'><strong>apta</strong></span> <span class='ocrx_word' id='word_1_114' title='bbox 1513 1145 1605 1188; x_wconf 85' lang='lat' dir='ltr'><strong>sint</strong></span> <span class='ocrx_word' id='word_1_115' title='bbox 1637 1153 1682 1189; x_wconf 88' lang='lat' dir='ltr'><strong>et</strong></span> <span class='ocrx_word' id='word_1_116' title='bbox 1713 1145 1771 1189; x_wconf 86' lang='lat' dir='ltr'><strong>ab</strong></span> <span class='ocrx_word' id='word_1_117' title='bbox 1805 1145 1924 1191; x_wconf 83' lang='lat' dir='ltr'><strong>iusto</strong></span> <span class='ocrx_word' id='word_1_118' title='bbox 1956 1145 2090 1190; x_wconf 88' lang='lat' dir='ltr'><strong>initio</strong></span> <span class='ocrx_word' id='word_1_119' title='bbox 2121 1144 2181 1196; x_wconf 82' lang='lat' dir='ltr'><strong>ad</strong></span> <span class='ocrx_word' id='word_1_120' title='bbox 2222 1142 2523 1190; x_wconf 89' lang='lat' dir='ltr'><strong>commodum</strong></span> 
     </span>
     <span class='ocr_line' id='line_1_14' title="bbox 455 1219 2526 1283; baseline 0.001 -19"><span class='ocrx_word' id='word_1_121' title='bbox 455 1219 596 1265; x_wconf 83' lang='lat' dir='ltr'><strong>finem</strong></span> <span class='ocrx_word' id='word_1_122' title='bbox 631 1230 756 1266; x_wconf 90' lang='lat' dir='ltr'><strong>recte</strong></span> <span class='ocrx_word' id='word_1_123' title='bbox 791 1221 1083 1280; x_wconf 85' lang='lat' dir='ltr'><strong>delabantur,</strong></span> <span class='ocrx_word' id='word_1_124' title='bbox 1113 1222 1340 1281; x_wconf 88' lang='lat' dir='ltr'><strong>integrum</strong></span> <span class='ocrx_word' id='word_1_125' title='bbox 1369 1221 1609 1266; x_wconf 88' lang='lat' dir='ltr'><strong>Tranionis</strong></span> <span class='ocrx_word' id='word_1_126' title='bbox 1640 1237 1746 1267; x_wconf 89' lang='lat' dir='ltr'><strong>cum</strong></span> <span class='ocrx_word' id='word_1_127' title='bbox 1778 1220 1957 1268; x_wconf 82' lang='lat' dir='ltr'><strong>danista</strong></span> <span class='ocrx_word' id='word_1_128' title='bbox 1987 1222 2271 1283; x_wconf 83' lang='lat' dir='ltr'><strong>colloquium</strong></span> <span class='ocrx_word' id='word_1_129' title='bbox 2303 1219 2526 1268; x_wconf 80' lang='lat' dir='ltr'><strong>emenda-</strong></span> 
     </span>
     <span class='ocr_line' id='line_1_15' title="bbox 457 1298 863 1359; baseline 0.002 -18"><span class='ocrx_word' id='word_1_130' title='bbox 457 1298 546 1342; x_wconf 88' lang='lat' dir='ltr'><strong>tius</strong></span> <span class='ocrx_word' id='word_1_131' title='bbox 575 1298 690 1344; x_wconf 85' lang='lat' dir='ltr'><strong>infra</strong></span> <span class='ocrx_word' id='word_1_132' title='bbox 716 1301 863 1359; x_wconf 87' lang='lat' dir='ltr'><strong>posui.</strong></span> 
     </span>
    </p>

    <p class='ocr_par' dir='ltr' id='par_1_5' title="bbox 584 1375 2531 2135">
     <span class='ocr_line' id='line_1_16' title="bbox 703 1375 1821 1440; baseline 0.005 -21"><span class='ocrx_word' id='word_1_133' title='bbox 703 1376 787 1420; x_wconf 86' lang='grc' dir='ltr'><strong>ΤΒ.</strong></span> <span class='ocrx_word' id='word_1_134' title='bbox 823 1375 1003 1421; x_wconf 77' lang='lat' dir='ltr'><strong>Salvere</strong></span> <span class='ocrx_word' id='word_1_135' title='bbox 1033 1377 1175 1422; x_wconf 90' lang='lat' dir='ltr'><strong>iubeo</strong></span> <span class='ocrx_word' id='word_1_136' title='bbox 1209 1382 1281 1437; x_wconf 76' lang='lat' dir='ltr'><strong>te,</strong></span> <span class='ocrx_word' id='word_1_137' title='bbox 1318 1377 1655 1440; x_wconf 77' lang='lat' dir='ltr'><strong>Misargyrides,</strong></span> <span class='ocrx_word' id='word_1_138' title='bbox 1686 1380 1821 1426; x_wconf 89' lang='lat' dir='ltr'><strong>bene.</strong></span> 
     </span>
     <span class='ocr_line' id='line_1_17' title="bbox 707 1454 2242 1517; baseline 0.005 -21"><span class='ocrx_word' id='word_1_139' title='bbox 707 1454 799 1498; x_wconf 99' lang='lat' dir='ltr'><strong>DA.</strong></span> <span class='ocrx_word' id='word_1_140' title='bbox 834 1454 963 1498; x_wconf 86' lang='lat' dir='ltr'><strong>Salve</strong></span> <span class='ocrx_word' id='word_1_141' title='bbox 997 1459 1042 1498; x_wconf 77' lang='lat' dir='ltr'><strong>et</strong></span> <span class='ocrx_word' id='word_1_142' title='bbox 1073 1464 1138 1498; x_wconf 91' lang='lat' dir='ltr'><strong>tu.</strong></span> <span class='ocrx_word' id='word_1_143' title='bbox 1174 1456 1290 1515; x_wconf 87' lang='lat' dir='ltr'><strong>quid</strong></span> <span class='ocrx_word' id='word_1_144' title='bbox 1322 1456 1381 1500; x_wconf 89' lang='lat' dir='ltr'><strong>de</strong></span> <span class='ocrx_word' id='word_1_145' title='bbox 1414 1457 1678 1517; x_wconf 67' lang='lat' dir='ltr'><strong>argentost?</strong></span> <span class='ocrx_word' id='word_1_146' title='bbox 1740 1458 1828 1503; x_wconf 78' lang='lat' dir='ltr'><strong>TR.</strong></span> <span class='ocrx_word' id='word_1_147' title='bbox 1862 1458 1938 1503; x_wconf 81' lang='lat' dir='ltr'><strong>abi</strong></span> <span class='ocrx_word' id='word_1_148' title='bbox 1972 1459 2055 1516; x_wconf 73' lang='lat' dir='ltr'><strong>sis,</strong></span> <span class='ocrx_word' id='word_1_149' title='bbox 2087 1458 2242 1503; x_wconf 78' lang='lat' dir='ltr'><strong>belua:</strong></span> 
     </span>
     <span class='ocr_line' id='line_1_18' title="bbox 709 1528 1795 1591; baseline 0.006 -19"><span class='ocrx_word' id='word_1_150' title='bbox 709 1528 941 1575; x_wconf 80' lang='lat' dir='ltr'><strong>Continuo</strong></span> <span class='ocrx_word' id='word_1_151' title='bbox 977 1530 1228 1576; x_wconf 81' lang='lat' dir='ltr'><strong>adveniens</strong></span> <span class='ocrx_word' id='word_1_152' title='bbox 1261 1532 1404 1591; x_wconf 89' lang='lat' dir='ltr'><strong>pilum</strong></span> <span class='ocrx_word' id='word_1_153' title='bbox 1439 1533 1633 1576; x_wconf 89' lang='lat' dir='ltr'><strong>iniecisti</strong></span> <span class='ocrx_word' id='word_1_154' title='bbox 1664 1533 1795 1578; x_wconf 86' lang='lat' dir='ltr'><strong>mihi.</strong></span> 
     </span>
     <span class='ocr_line' id='line_1_19' title="bbox 709 1600 2195 1658; baseline 0.003 -7"><span class='ocrx_word' id='word_1_155' title='bbox 709 1607 799 1652; x_wconf 92' lang='lat' dir='ltr'><strong>DA.</strong></span> <span class='ocrx_word' id='word_1_156' title='bbox 835 1600 918 1653; x_wconf 82' lang='lat' dir='ltr'><strong>Hic</strong></span> <span class='ocrx_word' id='word_1_157' title='bbox 948 1608 1139 1658; x_wconf 70' lang='lat' dir='ltr'><strong>homost</strong></span> <span class='ocrx_word' id='word_1_158' title='bbox 1172 1609 1333 1654; x_wconf 88' lang='lat' dir='ltr'><strong>inanis.</strong></span> <span class='ocrx_word' id='word_1_159' title='bbox 1400 1610 1486 1657; x_wconf 89' lang='lat' dir='ltr'><strong>TR.</strong></span> <span class='ocrx_word' id='word_1_160' title='bbox 1529 1609 1606 1656; x_wconf 90' lang='lat' dir='ltr'><strong>hic</strong></span> <span class='ocrx_word' id='word_1_161' title='bbox 1637 1610 1783 1656; x_wconf 90' lang='lat' dir='ltr'><strong>homo</strong></span> <span class='ocrx_word' id='word_1_162' title='bbox 1818 1609 1982 1657; x_wconf 76' lang='lat' dir='ltr'><strong>certest</strong></span> <span class='ocrx_word' id='word_1_163' title='bbox 2014 1613 2195 1658; x_wconf 70' lang='lat' dir='ltr'><strong>ariolus.</strong></span> 
     </span>
     <span class='ocr_line' id='line_1_20' title="bbox 584 1684 2296 1750; baseline 0.003 -22"><span class='ocrx_word' id='word_1_164' title='bbox 584 1684 643 1730; x_wconf 73' lang='lat'><strong>45</strong></span> <span class='ocrx_word' id='word_1_165' title='bbox 712 1686 804 1730; x_wconf 88' lang='lat' dir='ltr'><strong>DA.</strong></span> <span class='ocrx_word' id='word_1_166' title='bbox 824 1686 972 1743; x_wconf 82' lang='lat' dir='ltr'><strong>Quin</strong></span> <span class='ocrx_word' id='word_1_167' title='bbox 1004 1696 1056 1732; x_wconf 87' lang='lat' dir='ltr'><strong>tu</strong></span> <span class='ocrx_word' id='word_1_168' title='bbox 1091 1691 1196 1732; x_wconf 85' lang='lat' dir='ltr'><strong>istas</strong></span> <span class='ocrx_word' id='word_1_169' title='bbox 1226 1688 1369 1733; x_wconf 89' lang='lat' dir='ltr'><strong>mittis</strong></span> <span class='ocrx_word' id='word_1_170' title='bbox 1401 1689 1568 1733; x_wconf 73' lang='lat' dir='ltr'><strong>tricas?</strong></span> <span class='ocrx_word' id='word_1_171' title='bbox 1631 1688 1718 1734; x_wconf 85' lang='lat' dir='ltr'><strong>TR.</strong></span> <span class='ocrx_word' id='word_1_172' title='bbox 1749 1690 1864 1750; x_wconf 90' lang='lat' dir='ltr'><strong>quin</strong></span> <span class='ocrx_word' id='word_1_173' title='bbox 1897 1688 2014 1750; x_wconf 89' lang='lat' dir='ltr'><strong>quid</strong></span> <span class='ocrx_word' id='word_1_174' title='bbox 2044 1692 2136 1748; x_wconf 80' lang='lat' dir='ltr'><strong>vis,</strong></span> <span class='ocrx_word' id='word_1_175' title='bbox 2164 1688 2296 1737; x_wconf 86' lang='lat' dir='ltr'><strong>cedo.</strong></span> 
     </span>
     <span class='ocr_line' id='line_1_21' title="bbox 711 1764 2172 1827; baseline 0.003 -20"><span class='ocrx_word' id='word_1_176' title='bbox 711 1764 804 1807; x_wconf 84' lang='lat' dir='ltr'><strong>DA.</strong></span> <span class='ocrx_word' id='word_1_177' title='bbox 839 1765 925 1809; x_wconf 84' lang='lat' dir='ltr'><strong>Vbi</strong></span> <span class='ocrx_word' id='word_1_178' title='bbox 959 1765 1249 1810; x_wconf 84' lang='lat' dir='ltr'><strong>Philolaches</strong></span> <span class='ocrx_word' id='word_1_179' title='bbox 1283 1766 1378 1810; x_wconf 73' lang='lat' dir='ltr'><strong>est?</strong></span> <span class='ocrx_word' id='word_1_180' title='bbox 1442 1766 1528 1813; x_wconf 85' lang='lat' dir='ltr'><strong>TR.</strong></span> <span class='ocrx_word' id='word_1_181' title='bbox 1560 1770 1804 1827; x_wconf 76' lang='lat' dir='ltr'><strong>nunquam</strong></span> <span class='ocrx_word' id='word_1_182' title='bbox 1836 1767 2026 1827; x_wconf 77' lang='lat' dir='ltr'><strong>potuisti</strong></span> <span class='ocrx_word' id='word_1_183' title='bbox 2054 1766 2172 1812; x_wconf 83' lang='lat' dir='ltr'><strong>mihi</strong></span> 
     </span>
     <span class='ocr_line' id='line_1_22' title="bbox 706 1842 1946 1904; baseline 0.002 -18"><span class='ocrx_word' id='word_1_184' title='bbox 706 1843 848 1903; x_wconf 85' lang='lat' dir='ltr'><strong>Magis</strong></span> <span class='ocrx_word' id='word_1_185' title='bbox 882 1846 1174 1902; x_wconf 74' lang='lat' dir='ltr'><strong>opportunus</strong></span> <span class='ocrx_word' id='word_1_186' title='bbox 1208 1843 1423 1887; x_wconf 77' lang='lat' dir='ltr'><strong>advenire</strong></span> <span class='ocrx_word' id='word_1_187' title='bbox 1454 1858 1594 1904; x_wconf 84' lang='lat' dir='ltr'><strong>quam</strong></span> <span class='ocrx_word' id='word_1_188' title='bbox 1630 1842 1831 1891; x_wconf 72' lang='lat' dir='ltr'><strong>advenis.</strong></span> <span class='ocrx_word' id='word_1_189' title='bbox 1943 1892 1946 1894; x_wconf 64' lang='grc'>,</span> 
     </span>
     <span class='ocr_line' id='line_1_23' title="bbox 709 1917 2531 1981; baseline 0.002 -20"><span class='ocrx_word' id='word_1_190' title='bbox 709 1918 801 1962; x_wconf 90' lang='lat' dir='ltr'><strong>DA.</strong></span> <span class='ocrx_word' id='word_1_191' title='bbox 835 1917 964 1974; x_wconf 89' lang='lat' dir='ltr'><strong>Quid</strong></span> <span class='ocrx_word' id='word_1_192' title='bbox 998 1920 1094 1963; x_wconf 73' lang='lat' dir='ltr'><strong>est?</strong></span> <span class='ocrx_word' id='word_1_193' title='bbox 1158 1920 1241 1964; x_wconf 91' lang='grc' dir='ltr'><strong>ΤΒ.</strong></span> <span class='ocrx_word' id='word_1_194' title='bbox 1277 1919 1479 1965; x_wconf 87' lang='lat' dir='ltr'><strong>concede</strong></span> <span class='ocrx_word' id='word_1_195' title='bbox 1512 1920 1616 1967; x_wconf 89' lang='lat' dir='ltr'><strong>huc.</strong></span> <span class='ocrx_word' id='word_1_196' title='bbox 1682 1921 1774 1966; x_wconf 88' lang='lat' dir='ltr'><strong>DA.</strong></span> <span class='ocrx_word' id='word_1_197' title='bbox 1811 1924 1925 1981; x_wconf 87' lang='lat' dir='ltr'><strong>quin</strong></span> <span class='ocrx_word' id='word_1_198' title='bbox 1951 1922 2068 1967; x_wconf 91' lang='lat' dir='ltr'><strong>mihi</strong></span> <span class='ocrx_word' id='word_1_199' title='bbox 2104 1921 2276 1967; x_wconf 77' lang='lat' dir='ltr'><strong>faenus</strong></span> <span class='ocrx_word' id='word_1_200' title='bbox 2291 1919 2531 1967; x_wconf 68' lang='lat' dir='ltr'><strong>redditur?</strong></span> 
     </span>
     <span class='ocr_line' id='line_1_24' title="bbox 710 1995 2411 2049; baseline 0.005 -10"><span class='ocrx_word' id='word_1_201' title='bbox 710 1996 798 2040; x_wconf 83' lang='lat' dir='ltr'><strong>TR.</strong></span> <span class='ocrx_word' id='word_1_202' title='bbox 831 1995 936 2039; x_wconf 87' lang='lat' dir='ltr'><strong>Scio</strong></span> <span class='ocrx_word' id='word_1_203' title='bbox 969 2000 1014 2039; x_wconf 79' lang='lat' dir='ltr'><strong>te</strong></span> <span class='ocrx_word' id='word_1_204' title='bbox 1048 1997 1171 2042; x_wconf 87' lang='lat' dir='ltr'><strong>bona</strong></span> <span class='ocrx_word' id='word_1_205' title='bbox 1204 2004 1301 2041; x_wconf 83' lang='lat' dir='ltr'><strong>ess&#39;e</strong></span> <span class='ocrx_word' id='word_1_206' title='bbox 1335 2001 1470 2042; x_wconf 78' lang='lat' dir='ltr'><strong>voce:</strong></span> <span class='ocrx_word' id='word_1_207' title='bbox 1505 2013 1563 2043; x_wconf 89' lang='lat' dir='ltr'><strong>ne</strong></span> <span class='ocrx_word' id='word_1_208' title='bbox 1598 1998 1751 2049; x_wconf 85' lang='lat' dir='ltr'><strong>clama</strong></span> <span class='ocrx_word' id='word_1_209' title='bbox 1777 1999 1929 2045; x_wconf 82' lang='lat' dir='ltr'><strong>nimis</strong></span> <span class='ocrx_word' id='word_1_210' title='bbox 1978 2003 2004 2042; x_wconf 83' lang='grc'><strong>.’</strong></span> <span class='ocrx_word' id='word_1_211' title='bbox 2270 2026 2277 2031; x_wconf 97' lang='grc'>-</span> <span class='ocrx_word' id='word_1_212' title='bbox 2389 2019 2411 2028; x_wconf 77' lang='grc'><strong>’-</strong></span> 
     </span>
     <span class='ocr_line' id='line_1_25' title="bbox 592 2028 2249 2135; baseline 0.001 -17"><span class='ocrx_word' id='word_1_213' title='bbox 592 2075 652 2119; x_wconf 86' lang='grc'><strong>50</strong></span> <span class='ocrx_word' id='word_1_214' title='bbox 717 2072 809 2117; x_wconf 92' lang='lat' dir='ltr'><strong>DA</strong></span> <span class='ocrx_word' id='word_1_215' title='bbox 841 2072 935 2132; x_wconf 83' lang='lat' dir='ltr'><strong>Ego</strong></span> <span class='ocrx_word' id='word_1_216' title='bbox 965 2072 1119 2118; x_wconf 69' lang='lat' dir='ltr'><strong>hercle</strong></span> <span class='ocrx_word' id='word_1_217' title='bbox 1152 2088 1260 2119; x_wconf 78' lang='lat' dir='ltr'><strong>vero</strong></span> <span class='ocrx_word' id='word_1_218' title='bbox 1297 2073 1462 2120; x_wconf 89' lang='lat' dir='ltr'><strong>clamo.</strong></span> <span class='ocrx_word' id='word_1_219' title='bbox 1497 2075 1614 2122; x_wconf 86' lang='grc' dir='ltr'><strong>ΤΒ.</strong></span> <span class='ocrx_word' id='word_1_220' title='bbox 1648 2075 1733 2133; x_wconf 84' lang='lat' dir='ltr'><strong>ah,</strong></span> <span class='ocrx_word' id='word_1_221' title='bbox 1764 2078 2084 2135; x_wconf 61' lang='lat' dir='ltr'><strong>gerezmorem</strong></span> <span class='ocrx_word' id='word_1_222' title='bbox 2116 2028 2249 2120; x_wconf 85' lang='lat' dir='ltr'><strong>mihi.</strong></span> 
     </span>
    </p>
   </div>
   <div class='ocr_carea' id='block_1_4' title="bbox 711 2148 2530 2284">
    <p class='ocr_par' dir='ltr' id='par_1_6' title="bbox 711 2148 2530 2284">
     <span class='ocr_line' id='line_1_26' title="bbox 711 2148 2530 2212; baseline -0.001 -18"><span class='ocrx_word' id='word_1_223' title='bbox 711 2149 802 2194; x_wconf 89' lang='lat' dir='ltr'><strong>DA.</strong></span> <span class='ocrx_word' id='word_1_224' title='bbox 835 2148 962 2206; x_wconf 87' lang='lat' dir='ltr'><strong>Quid</strong></span> <span class='ocrx_word' id='word_1_225' title='bbox 995 2151 1080 2196; x_wconf 85' lang='lat' dir='ltr'><strong>tibi</strong></span> <span class='ocrx_word' id='word_1_226' title='bbox 1114 2166 1197 2212; x_wconf 87' lang='lat' dir='ltr'><strong>ego</strong></span> <span class='ocrx_word' id='word_1_227' title='bbox 1229 2167 1409 2197; x_wconf 84' lang='lat' dir='ltr'><strong>morem</strong></span> <span class='ocrx_word' id='word_1_228' title='bbox 1433 2154 1497 2196; x_wconf 74' lang='lat' dir='ltr'><strong>vis</strong></span> <span class='ocrx_word' id='word_1_229' title='bbox 1513 2151 1700 2211; x_wconf 73' lang='lat' dir='ltr'><strong>geram?</strong></span> <span class='ocrx_word' id='word_1_230' title='bbox 1763 2152 1857 2198; x_wconf 85' lang='lat' dir='ltr'><strong>&#39;IR.</strong></span> <span class='ocrx_word' id='word_1_231' title='bbox 1886 2152 1972 2196; x_wconf 76' lang='lat' dir='ltr'><strong>abi</strong></span> <span class='ocrx_word' id='word_1_232' title='bbox 1992 2166 2165 2211; x_wconf 85' lang='lat' dir='ltr'><strong>quaeso</strong></span> <span class='ocrx_word' id='word_1_233' title='bbox 2188 2150 2298 2196; x_wconf 87' lang='lat' dir='ltr'><strong>hinc</strong></span> <span class='ocrx_word' id='word_1_234' title='bbox 2320 2149 2530 2196; x_wconf 82' lang='lat' dir='ltr'><strong>domum.</strong></span> 
     </span>
     <span class='ocr_line' id='line_1_27' title="bbox 714 2226 1976 2284; baseline -0.002 -10"><span class='ocrx_word' id='word_1_235' title='bbox 714 2226 807 2274; x_wconf 87' lang='lat' dir='ltr'><strong>DA.</strong></span> <span class='ocrx_word' id='word_1_236' title='bbox 841 2226 1050 2272; x_wconf 72' lang='lat' dir='ltr'><strong>Abeami’</strong></span> <span class='ocrx_word' id='word_1_237' title='bbox 1113 2228 1196 2272; x_wconf 88' lang='grc' dir='ltr'><strong>ΤΒ.</strong></span> <span class='ocrx_word' id='word_1_238' title='bbox 1232 2227 1382 2273; x_wconf 84' lang='lat' dir='ltr'><strong>redito</strong></span> <span class='ocrx_word' id='word_1_239' title='bbox 1415 2228 1507 2274; x_wconf 90' lang='lat' dir='ltr'><strong>huc</strong></span> <span class='ocrx_word' id='word_1_240' title='bbox 1541 2229 1724 2284; x_wconf 83' lang='lat' dir='ltr'><strong>circiter</strong></span> <span class='ocrx_word' id='word_1_241' title='bbox 1753 2226 1976 2273; x_wconf 63' lang='lat' dir='ltr'><strong>meridie„</strong></span> 
     </span>
    </p>
   </div>
   <div class='ocr_carea' id='block_1_5' title="bbox 590 2304 2472 3076">
    <p class='ocr_par' dir='ltr' id='par_1_7' title="bbox 590 2304 2472 3076">
     <span class='ocr_line' id='line_1_28' title="bbox 714 2304 2195 2364; baseline -0.001 -15"><span class='ocrx_word' id='word_1_242' title='bbox 714 2304 805 2350; x_wconf 82' lang='lat' dir='ltr'><strong>DA.</strong></span> <span class='ocrx_word' id='word_1_243' title='bbox 836 2304 1132 2351; x_wconf 69' lang='lat' dir='ltr'><strong>Reddeturne</strong></span> <span class='ocrx_word' id='word_1_244' title='bbox 1167 2305 1302 2364; x_wconf 82' lang='lat' dir='ltr'><strong>igitur</strong></span> <span class='ocrx_word' id='word_1_245' title='bbox 1334 2305 1522 2350; x_wconf 71' lang='lat' dir='ltr'><strong>faenus?</strong></span> <span class='ocrx_word' id='word_1_246' title='bbox 1589 2305 1675 2351; x_wconf 84' lang='lat' dir='ltr'><strong>TR.</strong></span> <span class='ocrx_word' id='word_1_247' title='bbox 1708 2304 1951 2359; x_wconf 61' lang='lat' dir='ltr'><strong>reddeturz&#39;</strong></span> <span class='ocrx_word' id='word_1_248' title='bbox 1980 2305 2072 2363; x_wconf 75' lang='lat' dir='ltr'><strong>iam</strong></span> <span class='ocrx_word' id='word_1_249' title='bbox 2092 2305 2195 2350; x_wconf 76' lang='lat' dir='ltr'><strong>¹abi.</strong></span> 
     </span>
     <span class='ocr_line' id='line_1_29' title="bbox 712 2380 2472 2443; baseline -0.001 -16"><span class='ocrx_word' id='word_1_250' title='bbox 712 2381 804 2429; x_wconf 88' lang='lat' dir='ltr'><strong>DA.</strong></span> <span class='ocrx_word' id='word_1_251' title='bbox 832 2380 971 2439; x_wconf 72' lang='lat' dir='ltr'><strong>‚Quid</strong></span> <span class='ocrx_word' id='word_1_252' title='bbox 1004 2399 1087 2442; x_wconf 84' lang='lat' dir='ltr'><strong>ego</strong></span> <span class='ocrx_word' id='word_1_253' title='bbox 1123 2382 1217 2427; x_wconf 82' lang='lat' dir='ltr'><strong>huc</strong></span> <span class='ocrx_word' id='word_1_254' title='bbox 1243 2400 1471 2428; x_wconf 87' lang='lat' dir='ltr'><strong>recursem</strong></span> <span class='ocrx_word' id='word_1_255' title='bbox 1504 2393 1582 2428; x_wconf 86' lang='lat' dir='ltr'><strong>aut</strong></span> <span class='ocrx_word' id='word_1_256' title='bbox 1615 2388 1804 2443; x_wconf 72' lang='lat' dir='ltr'><strong>operam</strong></span> <span class='ocrx_word' id='word_1_257' title='bbox 1838 2388 2016 2429; x_wconf 77' lang='lat' dir='ltr'><strong>sumam</strong></span> <span class='ocrx_word' id='word_1_258' title='bbox 2050 2382 2430 2438; x_wconf 67' lang='lat' dir='ltr'><strong>autconterami’</strong></span> <span class='ocrx_word' id='word_1_259' title='bbox 2468 2415 2472 2418; x_wconf 82' lang='lat'><em>-</em></span> 
     </span>
     <span class='ocr_line' id='line_1_30' title="bbox 592 2458 1864 2521; baseline 0 -15"><span class='ocrx_word' id='word_1_260' title='bbox 592 2460 650 2506; x_wconf 83' lang='lat'><strong>55</strong></span> <span class='ocrx_word' id='word_1_261' title='bbox 716 2458 869 2521; x_wconf 82' lang='lat' dir='ltr'><strong>Quid,</strong></span> <span class='ocrx_word' id='word_1_262' title='bbox 902 2460 939 2505; x_wconf 87' lang='lat' dir='ltr'><strong>si</strong></span> <span class='ocrx_word' id='word_1_263' title='bbox 974 2459 1050 2506; x_wconf 89' lang='lat' dir='ltr'><strong>hic</strong></span> <span class='ocrx_word' id='word_1_264' title='bbox 1081 2461 1282 2507; x_wconf 86' lang='lat' dir='ltr'><strong>manebo</strong></span> <span class='ocrx_word' id='word_1_265' title='bbox 1313 2462 1467 2521; x_wconf 69' lang='lat' dir='ltr'><strong>potius</strong></span> <span class='ocrx_word' id='word_1_266' title='bbox 1499 2461 1568 2513; x_wconf 89' lang='lat' dir='ltr'><strong>ad.</strong></span> <span class='ocrx_word' id='word_1_267' title='bbox 1585 2461 1864 2508; x_wconf 57' lang='lat' dir='ltr'><strong>meridiem?</strong></span> 
     </span>
     <span class='ocr_line' id='line_1_31' title="bbox 715 2536 2311 2598; baseline 0.001 -17"><span class='ocrx_word' id='word_1_268' title='bbox 715 2537 800 2584; x_wconf 83' lang='lat' dir='ltr'><strong>TR.</strong></span> <span class='ocrx_word' id='word_1_269' title='bbox 835 2536 985 2582; x_wconf 83' lang='lat' dir='ltr'><strong>Immo</strong></span> <span class='ocrx_word' id='word_1_270' title='bbox 1016 2538 1093 2598; x_wconf 70' lang='lat' dir='ltr'><strong>abi</strong></span> <span class='ocrx_word' id='word_1_271' title='bbox 1128 2537 1343 2582; x_wconf 86' lang='lat' dir='ltr'><strong>domum:</strong></span> <span class='ocrx_word' id='word_1_272' title='bbox 1378 2554 1535 2584; x_wconf 83' lang='lat' dir='ltr'><strong>verum</strong></span> <span class='ocrx_word' id='word_1_273' title='bbox 1568 2538 1882 2584; x_wconf 73' lang='lat' dir='ltr'><strong>herclezdico:</strong></span> <span class='ocrx_word' id='word_1_274' title='bbox 1911 2539 2010 2595; x_wconf 77' lang='lat' dir='ltr'><strong>abi,</strong></span> <span class='ocrx_word' id='word_1_275' title='bbox 2043 2539 2118 2583; x_wconf 61' lang='lat' dir='ltr'><strong>fibi</strong></span> <span class='ocrx_word' id='word_1_276' title='bbox 2151 2537 2311 2583; x_wconf 80' lang='lat' dir='ltr'><strong>modo.</strong></span> 
     </span>
     <span class='ocr_line' id='line_1_32' title="bbox 714 2613 2144 2675; baseline 0.001 -17"><span class='ocrx_word' id='word_1_277' title='bbox 714 2613 804 2659; x_wconf 84' lang='lat' dir='ltr'><strong>DA.</strong></span> <span class='ocrx_word' id='word_1_278' title='bbox 835 2613 968 2670; x_wconf 75' lang='lat' dir='ltr'><strong>=Quin</strong></span> <span class='ocrx_word' id='word_1_279' title='bbox 1002 2618 1085 2661; x_wconf 74' lang='lat' dir='ltr'><strong>vos</strong></span> <span class='ocrx_word' id='word_1_280' title='bbox 1113 2614 1182 2660; x_wconf 75' lang='lat' dir='ltr'><strong>mi</strong></span> <span class='ocrx_word' id='word_1_281' title='bbox 1213 2617 1420 2660; x_wconf 74' lang='lat' dir='ltr'><strong>actutum</strong></span> <span class='ocrx_word' id='word_1_282' title='bbox 1450 2613 1588 2659; x_wconf 68' lang='lat' dir='ltr'><strong>date?</strong></span> <span class='ocrx_word' id='word_1_283' title='bbox 1619 2613 1735 2674; x_wconf 85' lang='lat' dir='ltr'><strong>quid</strong></span> <span class='ocrx_word' id='word_1_284' title='bbox 1763 2614 1844 2659; x_wconf 87' lang='lat' dir='ltr'><strong>hic</strong></span> <span class='ocrx_word' id='word_1_285' title='bbox 1878 2616 2144 2675; x_wconf 59' lang='lat' dir='ltr'><strong>nugfiminii)</strong></span> 
     </span>
     <span class='ocr_line' id='line_1_33' title="bbox 593 2691 2133 2739; baseline 0 -3"><span class='ocrx_word' id='word_1_286' title='bbox 593 2694 653 2737; x_wconf 79' lang='lat'><strong>58</strong></span> <span class='ocrx_word' id='word_1_287' title='bbox 716 2691 802 2736; x_wconf 84' lang='grc' dir='ltr'><strong>ΤΒ.</strong></span> <span class='ocrx_word' id='word_1_288' title='bbox 838 2691 926 2736; x_wconf 81' lang='lat' dir='ltr'><strong>Eu:</strong></span> <span class='ocrx_word' id='word_1_289' title='bbox 958 2691 1112 2736; x_wconf 69' lang='lat' dir='ltr'><strong>hercle</strong></span> <span class='ocrx_word' id='word_1_290' title='bbox 1146 2707 1216 2738; x_wconf 81' lang='lat' dir='ltr'><strong>ne.</strong></span> <span class='ocrx_word' id='word_1_291' title='bbox 1237 2701 1288 2736; x_wconf 87' lang='lat' dir='ltr'><strong>tu</strong></span> <span class='ocrx_word' id='word_1_292' title='bbox 1319 2692 1430 2736; x_wconf 88' lang='lat' dir='ltr'><strong>hinc</strong></span> <span class='ocrx_word' id='word_1_293' title='bbox 1463 2692 1540 2736; x_wconf 76' lang='lat' dir='ltr'><strong>abi</strong></span> <span class='ocrx_word' id='word_1_294' title='bbox 1568 2691 1737 2737; x_wconf 86' lang='lat' dir='ltr'><strong>modo:</strong></span> <span class='ocrx_word' id='word_1_295' title='bbox 1759 2693 1970 2737; x_wconf 72' lang='lat' dir='ltr'><strong>&#39;ausculta</strong></span> <span class='ocrx_word' id='word_1_296' title='bbox 2002 2694 2133 2739; x_wconf 89' lang='lat' dir='ltr'><strong>mihi.</strong></span> 
     </span>
     <span class='ocr_line' id='line_1_34' title="bbox 590 2769 2013 2829; baseline 0 -16"><span class='ocrx_word' id='word_1_297' title='bbox 590 2771 643 2813; x_wconf 88' lang='grc'><strong>61</strong></span> <span class='ocrx_word' id='word_1_298' title='bbox 714 2769 805 2814; x_wconf 88' lang='lat' dir='ltr'><strong>DA.</strong></span> <span class='ocrx_word' id='word_1_299' title='bbox 832 2769 999 2814; x_wconf 68' lang='lat' dir='ltr'><strong>Multos</strong></span> <span class='ocrx_word' id='word_1_300' title='bbox 1031 2784 1107 2813; x_wconf 86' lang='lat' dir='ltr'><strong>me</strong></span> <span class='ocrx_word' id='word_1_301' title='bbox 1141 2769 1234 2814; x_wconf 89' lang='lat' dir='ltr'><strong>hoc</strong></span> <span class='ocrx_word' id='word_1_302' title='bbox 1267 2779 1401 2829; x_wconf 80' lang='lat' dir='ltr'><strong>pacto</strong></span> <span class='ocrx_word' id='word_1_303' title='bbox 1438 2771 1529 2814; x_wconf 66' lang='lat' dir='ltr'><strong>iam</strong></span> <span class='ocrx_word' id='word_1_304' title='bbox 1564 2769 1663 2814; x_wconf 82' lang='lat' dir='ltr'><strong>dies</strong></span> <span class='ocrx_word' id='word_1_305' title='bbox 1690 2770 2013 2826; x_wconf 57' lang='lat' dir='ltr'><strong>frustramini:</strong></span> 
     </span>
     <span class='ocr_line' id='line_1_35' title="bbox 596 2846 2286 2908; baseline 0.002 -19"><span class='ocrx_word' id='word_1_306' title='bbox 596 2846 653 2902; x_wconf 83' lang='lat'><strong>59</strong></span> <span class='ocrx_word' id='word_1_307' title='bbox 715 2847 808 2891; x_wconf 77' lang='lat' dir='ltr'><strong>lam</strong></span> <span class='ocrx_word' id='word_1_308' title='bbox 841 2847 997 2892; x_wconf 83' lang='lat' dir='ltr'><strong>hercle</strong></span> <span class='ocrx_word' id='word_1_309' title='bbox 1031 2850 1116 2908; x_wconf 77' lang='lat' dir='ltr'><strong>ego</strong></span> <span class='ocrx_word' id='word_1_310' title='bbox 1151 2847 1278 2893; x_wconf 88' lang='lat' dir='ltr'><strong>illum</strong></span> <span class='ocrx_word' id='word_1_311' title='bbox 1314 2848 1587 2892; x_wconf 75' lang='lat' dir='ltr'><strong>nominabo.</strong></span> <span class='ocrx_word' id='word_1_312' title='bbox 1652 2846 1736 2892; x_wconf 75' lang='lat' dir='ltr'><strong>TR.</strong></span> <span class='ocrx_word' id='word_1_313' title='bbox 1773 2862 1909 2908; x_wconf 84' lang='lat' dir='ltr'><strong>euge,</strong></span> <span class='ocrx_word' id='word_1_314' title='bbox 1941 2848 2286 2908; x_wconf 65' lang='lat' dir='ltr'><strong>eugessstrenue·</strong></span> 
     </span>
     <span class='ocr_line' id='line_1_36' title="bbox 720 2923 2111 2983; baseline -0.001 -15"><span class='ocrx_word' id='word_1_315' title='bbox 720 2923 810 2968; x_wconf 86' lang='lat' dir='ltr'><strong>DA.</strong></span> <span class='ocrx_word' id='word_1_316' title='bbox 844 2924 966 2970; x_wconf 85' lang='lat' dir='ltr'><strong>Heus</strong></span> <span class='ocrx_word' id='word_1_317' title='bbox 997 2925 1290 2983; x_wconf 78' lang='lat' dir='ltr'><strong>Philolache,</strong></span> <span class='ocrx_word' id='word_1_318' title='bbox 1320 2927 1412 2971; x_wconf 75' lang='lat' dir='ltr'><strong>exi:</strong></span> <span class='ocrx_word' id='word_1_319' title='bbox 1446 2926 1604 2971; x_wconf 76' lang='lat' dir='ltr'><strong>faenus</strong></span> <span class='ocrx_word' id='word_1_320' title='bbox 1633 2924 1799 2983; x_wconf 84' lang='lat' dir='ltr'><strong>redde,</strong></span> <span class='ocrx_word' id='word_1_321' title='bbox 1830 2926 2111 2982; x_wconf 83' lang='lat' dir='ltr'><strong>Philolache.</strong></span> 
     </span>
     <span class='ocr_line' id='line_1_37' title="bbox 593 3000 2308 3076; baseline 0 -31"><span class='ocrx_word' id='word_1_322' title='bbox 593 3000 655 3045; x_wconf 80' lang='lat'><strong>60</strong></span> <span class='ocrx_word' id='word_1_323' title='bbox 720 3000 806 3045; x_wconf 90' lang='grc' dir='ltr'><strong>ΤΒ.</strong></span> <span class='ocrx_word' id='word_1_324' title='bbox 840 3002 1001 3048; x_wconf 74' lang='lat' dir='ltr'><strong>Beatus</strong></span> <span class='ocrx_word' id='word_1_325' title='bbox 1025 3018 1143 3076; x_wconf 48' lang='lat' dir='ltr'><strong>‘vero</strong></span> <span class='ocrx_word' id='word_1_326' title='bbox 1177 3018 1227 3047; x_wconf 80' lang='lat' dir='ltr'><strong>es</strong></span> <span class='ocrx_word' id='word_1_327' title='bbox 1259 3007 1410 3061; x_wconf 79' lang='lat' dir='ltr'><strong>nunc,</strong></span> <span class='ocrx_word' id='word_1_328' title='bbox 1440 3018 1585 3064; x_wconf 86' lang='lat' dir='ltr'><strong>quom</strong></span> <span class='ocrx_word' id='word_1_329' title='bbox 1621 3002 1801 3048; x_wconf 84' lang='lat' dir='ltr'><strong>clamas.</strong></span> <span class='ocrx_word' id='word_1_330' title='bbox 1868 3003 1958 3060; x_wconf 79' lang='lat' dir='ltr'><strong>DA..</strong></span> <span class='ocrx_word' id='word_1_331' title='bbox 1989 3006 2146 3048; x_wconf 73' lang='lat' dir='ltr'><strong>meum</strong></span> <span class='ocrx_word' id='word_1_332' title='bbox 2178 3011 2308 3062; x_wconf 79' lang='lat' dir='ltr'><strong>peto-2·</strong></span> 
     </span>
    </p>
   </div>
   <div class='ocr_carea' id='block_1_6' title="bbox 716 3111 2281 3137">
    <p class='ocr_par' dir='ltr' id='par_1_8' title="bbox 716 3111 2281 3137">
     <span class='ocr_line' id='line_1_38' title="bbox 716 3111 2281 3137; baseline 0 -3"><span class='ocrx_word' id='word_1_333' title='bbox 716 3111 739 3134; x_wconf 63' lang='grc'>1</span> <span class='ocrx_word' id='word_1_334' title='bbox 930 3111 953 3134; x_wconf 73' lang='lat'><strong>*</strong></span> <span class='ocrx_word' id='word_1_335' title='bbox 1140 3113 1163 3136; x_wconf 57' lang='grc' dir='ltr'>ἃ</span> <span class='ocrx_word' id='word_1_336' title='bbox 1352 3115 1375 3136; x_wconf 76' lang='lat'>*</span> <span class='ocrx_word' id='word_1_337' title='bbox 1565 3114 1587 3137; x_wconf 53' lang='grc' dir='ltr'><strong>«ᾗ</strong></span> <span class='ocrx_word' id='word_1_338' title='bbox 1780 3114 1802 3135; x_wconf 58' lang='grc' dir='ltr'>Ἰ</span> <span class='ocrx_word' id='word_1_339' title='bbox 1989 3113 2012 3135; x_wconf 77' lang='lat'>*</span> <span class='ocrx_word' id='word_1_340' title='bbox 2127 3115 2131 3119; x_wconf 84' lang='lat'>·</span> <span class='ocrx_word' id='word_1_341' title='bbox 2196 3111 2220 3134; x_wconf 63' lang='lat'><strong>*</strong></span> <span class='ocrx_word' id='word_1_342' title='bbox 2274 3118 2281 3127; x_wconf 40' lang='lat' dir='ltr'>N</span> 
     </span>
    </p>
   </div>
  </div>
 </body>
</html>
