2849 3591
1336 208 1645 252 ..3ss-

452 333 648 396 quidem
672 332 778 377 loco
804 339 873 377 est
900 330 1071 389 ‘hercle
1102 330 1297 377 ohsecro
1326 323 1443 378 cum‘
1476 325 1732 401 (vel‘com')
1752 338 1987 378 ‘meouna
2004 329 2235 391 ludicem’,
2262 337 2519 394 posteriore

456 420 607 457 autem
632 403 850 454 ‘obsecro
873 408 1031 455 hercle
1064 423 1171 455 cum
1205 425 1261 455 eo
1296 409 1402 455 una'
1420 406 1643 455 iudicem'.
1678 433 1738 442 -
1772 408 1987 458 Ceterum
2015 409 2110 456 hoc
2141 424 2335 472 quoque
2360 426 2523 459 exem·-

459 488 539 548 plo
573 487 787 533 Osannus
819 486 947 532 Anal.
980 503 1025 549 p.
1059 492 1147 535 201
1183 489 1350 533 abusus
1381 496 1450 533 est
1488 487 1547 534 ad
1578 482 1897 534 adornandam
1939 487 2000 535 de
2040 487 2213 549 duplici
2253 489 2524 535 recensione

462 567 738 626 opinionem
769 581 911 612 suam.

1426 708 1463 754 §.
1509 706 1585 748 3.-

587 804 702 850 Nolo
734 787 972 863 exspatiari
995 798 1055 846 ad
1088 801 1604 862 interpolationes
1635 817 1738 847 nec
1764 801 2005 847 iteratis
2035 810 2201 861 poetae
2227 803 2378 846 verbis
2407 812 2527 848 ortas

461 896 566 927 nec
599 894 717 925 cum
744 878 1217 939 transpositione
1251 880 1545 938 coniunctas,
1580 878 1720 925 sed-e
1751 880 2130 941 glossematis
2160 887 2310 925 natast
2343 895 2527 924 verum-

459 968 633 1016 tamen,
667 957 889 1017 quoniam
915 955 975 1001 ad
1005 956 1098 1002 hoc
1122 972 1265 1017 genus
1282 972 1335 1001 cx
1357 957 1455 1017 ipsa
1475 957 1747 1003 Mostellaria
1776 956 2002 1018 quaedam
2037 957 2309 1003 rettulerunt
2336 957 2527 1001 imme-

462 1037 613 1093 rito,
631 1035 746 1088 haec
788 1034 920 1094 quasi
968 1035 1250 1093 praeteriens
1293 1031 1495 1081 tutabor.
1548 1033 1634 1079 Ita
1679 1041 1783 1079 cum
1819 1035 1864 1092 I,
1897 1022 1947 1092 Τ,
1979 1039 2039 1080 52
2067 1050 2171 1095 sqq.
2204 1035 2255 1079 in
2295 1035 2423 1078 libris
2462 1035 2527 1077 sic

459 1113 651 1171 legatur·
2123 1124 2125 1126 ’
2263 1116 2266 1119 “

643 1203 646 1207 ·
716 1189 757 1234 Ο
790 1187 1085 1234 carnuficium
1119 1188 1350 1247 cribrum,
1385 1188 1515 1248 quod
1544 1188 1684 1234 credo
1717 1189 1838 1234 fore:

714 1269 777 1312 Ita
806 1278 851 1312 te
883 1268 1099 1311 forabunt
1130 1269 1437 1326 patibulatum
1471 1284 1554 1328 per
1586 1270 1680 1312 vias

708 1346 940 1404 Stimulis,
977 1347 1012 1389 si
1046 1347 1139 1390 huc
1171 1347 1376 1391 reveniat
1403 1362 1570 1391 senex:

461 1426 629 1469 horum
663 1433 918 1468 extremum
952 1440 1165 1468 versuum
1198 1435 1250 1468 ut
1283 1426 1545 1486 interpretis
1587 1423 1954 1470 additamentum
1988 1424 2130 1469 deleri
2161 1422 2354 1468 Bothius
2383 1424 2530 1468 iussit.

460 1501 553 1545 Sed
587 1516 694 1545 cum
728 1504 777 1544 in
808 1503 969 1545 Vetere
1000 1502 1105 1546 cod.
1133 1499 1356 1546 ‘stimulis’
1389 1502 1449 1546 sit'
1485 1517 1512 1547 a
1544 1516 1685 1547 manu
1717 1518 1833 1560 sec.,
1864 1518 1891 1547 a
1920 1503 2071 1563 prima
2111 1502 2247 1546 fuerit
2279 1497 2531 1558 ‘stimuliis‘,

460 1580 563 1637 quis
596 1587 664 1622 est
696 1580 813 1638 quin
848 1580 896 1622 in
941 1594 995 1622 ca
1037 1581 1261 1640 scriptura
1299 1575 1545 1623 ‘stimuleis'
1589 1579 1866 1624 adiectivum
1908 1580 2048 1624 latere
2088 1570 2360 1638 perspiciat,
2402 1575 2532 1637 quod

456 1656 620 1715 legitur
654 1656 793 1700 etiam
824 1656 953 1701 Milit.
989 1657 1042 1715 ll,
1076 1660 1122 1715 6,
1156 1662 1210 1702 3¹
1236 1675 1248 1701 τ
1274 1652 1381 1702 ‘Nisi
1413 1658 1530 1702 mihi
1562 1657 1840 1717 supplicium
1873 1657 2135 1701 stimuleum
2174 1655 2233 1700 de
2276 1663 2321 1698 te
2364 1652 2530 1698 datur’:

458 1747 743 1793 mancosque
775 1749 995 1778 numeros
1029 1735 1171 1778 ascito
1219 1735 1500 1780 substantivo
1535 1734 1816 1795 supplendos
1857 1749 1953 1780 esse
1992 1731 2249 1779 concedat?
2314 1731 2531 1777 Scriben-

463 1809 604 1867 dum‚
636 1811 684 1854 ni
718 1811 874 1868 fallor,

717 1887 954 1931 Stimuleis
985 1889 1199 1946 terebris,
1233 1889 1327 1933 huc
1357 1890 1394 1932 si
1429 1889 1819 1934 reveniat-senex.

463 1962 877 2020 Quemadmodum
911 1965 1033 2008 enim
1069 1980 1173 2009 cum
1206 1964 1462 2010 ‘scribendi’
1493 1967 1637 2012 verbo
1658 1961 1803 2012 iunxit
1817 1975 1956 2026 poeta
1986 1964 2124 2009 ‘stilos
2142 1963 2334 2008 ulmeos’
2363 1959 2528 2007 Pseud.

461 2040 504 2098 1,
541 2042 595 2099 5,
626 2044 710 2098 32,
741 2055 845 2086 cum
878 2037 1095 2087 ‘bibendi‘
1117 2040 1328 2087 ‘notione
1369 2030 1622 2103 ‘potionem
1648 2043 1891 2089 ‘iuneeam‘
1926 2042 2073 2088 such.
2121 2041 2193 2100 lv,
2224 2044 2277 2100 ε,
2306 2042 2369 2086 56
2408 2048 2455 2083 et
2494 2039 2532 2083 si

464 2133 586 2178 quae
620 2118 705 2163 alia
738 2120 844 2163 lusit
871 2120 1105 2177 similiter,
1139 2122 1202 2165 ita
1232 2121 1475 2166 ‘stimuleas
1506 2118 1721 2166 terebras’
1762 2121 1945 2166 rettulit
1971 2119 2034 2165 ad
2075 2117 2279 2164 ‘forandi'
2317 2131 2531 2177 operam:

462 2210 558 2254 quo
594 2196 720 2239 enim
754 2196 844 2240 alio
887 2197 1190 2240 instrumento
1224 2197 1362 2242 forari
1408 2200 1558 2243 cribra
1590 2199 1794 2259 cogites?
1856 2201 1996 2244 Versu
2038 2205 2189 2240 autem
2235 2195 2388 2255 primo
2420 2193 2533 2237 ‘car-

461 2271 713 2329 nuficium’,
750 2288 837 2331 pio
873 2288 968 2332 quo
996 2252 1294 2318 ‘carnificum'
1327 2275 1482 2356 codd„
1508 2268 1853 2320 carnificinum
1882 2275 2095 2334 Scaliger,
2125 2281 2250 2317 recte
2281 2272 2449 2315 factum
2480 2278 2533 2314 ut

461 2348 764 2407 ‘pontificius'-

590 2426 741 2472 Solius
774 2436 927 2472 autem
963 2428 1356 2488 interpretationis
1400 2446 1489 2489 ope
1529 2445 1634 2474 cum
1679 2430 1765 2474 alia
1810 2428 2037 2488 permulta
2081 2425 2369 2487 expedienda
2411 2433 2531 2480 sunt,

465 2519 584 2564 quae
613 2505 661 2549 in
693 2505 1006 2564 suspicionem
1039 2514 1214 2549 temere
1247 2515 1495 2563 vocarunt,
1526 2514 1624 2550 tum
1661 2507 1706 2550 in
1739 2505 2012 2550 Mostellaria
2040 2502 2319 2550 defendendi
2352 2502 2388 2561 1,
2407 2506 2436 2546 ‘2
2462 2515 2530 2546 vv.

469 2586 523 2626 10
557 2595 684 2642 sqq.:
1280 2571 1282 2573 ¹
1485 2589 1504 2619 .·

716 2658 867 2719 Atque
900 2658 994 2705 hoc
1025 2659 1153 2705 haud
1185 2659 1367 2705 videtur
1397 2662 1492 2705 veri
1512 2660 1672 2704 simile
1703 2660 1858 2705 vobis:

712 2736 773 2780 At
800 2752 891 2803 ego
916 2736 970 2782 -td
1002 2737 1164 2782 faciam
1198 2738 1262 2782 ita
1294 2742 1391 2783 esse
1424 2747 1476 2783 ut
1507 2735 1720 2784 creditis.

713 2812 944 2861 Profecto
961 2828 1067 2864 esse
1087 2818 1184 2877 ita,
1213 2821 1266 2862 ut
1296 2815 1545 2879 praedico,
1577 2829 1685 2862 vera
1715 2819 1895 2862 vincam
1928 2830 1968 2860 e.
1996 2831 2045 2877 q.
2077 2832 2122 2863 s.

463 2891 686 2950 Quorum
714 2892 934 2939 medium
948 2894 1031 2939 ubi
1064 2895 1330 2967 sustuleris,
1355 2896 1437 2957 qui
1472 2893 1662 2941 tandem
1694 2909 1849 2940 carere
1881 2891 2152 2941 adversandi
2177 2868 2409 2952 particula
2436 2905 2533 2951 po·-

465 2969 725 3039 tue-rimus?
790 2958 1038 3030 Diligenter
1070 2981 1222 3017 autem
1252 2972 1541 3031 cavendum,
1575 2984 1634 3016 ne
1666 2987 1770 3016 cum
1803 2972 1972 3033 apertis
2000 2970 2451 3031 glossematimquae
2478 2969 2534 3014 in

423 3064 436 3071 -
466 3036 621 3091 versus
651 3040 849 3090 formam
874 3044 1091 3092 abierunt
1108 3046 1128 3107 ,‘
1152 3063 1205 3093 ea
1236 3051 1445 3110 exempla
1472 3048 1839 3107 confundantur,
1868 3063 1974 3094 cum
1994 3046 2225 3093 similibus
2250 3045 2421 3106 verbis,
2449 3044 2533 3090 sed
