2849 3591
1351 201 1659 246 ...22-

1444 321 1568 378 §.4-

603 425 952 473 Transeundum
989 435 1056 472 est
1089 425 1148 473 ad
1181 424 1444 489 deperditas
1475 424 1715 484 schedas·
1727 420 1800 471 Et
1833 414 2003 470 ear'u‘ni
2010 417 2264 485 quidem,
2276 439 2390 484 quas
2422 427 2451 471 k
2490 437 2535 472 et

483 507 495 550 l
530 506 689 550 litteris
722 506 998 593 notavimus,
1030 507 1173 566 spatia
1207 506 1297 549 iam
1330 519 1428 564 cap.
1448 504 1466 548 l
1495 503 1554 549 ad
1587 478 1783 565 calcal&
1804 486 2122 547 ‘vocavimus
2119 500 2354 547 schedae
2384 512 2535 548 autem

483 583 504 627 f
526 585 718 645 eiusque
752 575 871 644 q‘u'z'ie
905 589 1004 627 'eam
1041 581 1274 643 praecedit
1305 582 1498 643 paginae
1520 585 1609 635 (78)
1645 576 1747 625 cum
1770 573 1985 640 'oporteat
2011 563 2343 656 quinquaginta
2363 588 2536 640 septem

486 677 642 707 versus
677 677 799 720 esse,
839 671 994 706 tamen
1026 659 1175 704 hodie'
1197 653 1383 719 tantum
1437 661 1662 721 quinque
1691 666 1737 703 et
1777 651 2108 732 quinquaginta
2150 656 2380 713 habentur
2421 657 2540 702 inter

483 738 558 797 ln,
592 743 637 797 2,
673 723 804 783 mei
837 739 911 781 72.
979 738 1139 796 Atque
1159 738 1294 780 ithus
1308 736 1498 796 quidem
1533 752 1601 795 ea,
1635 751 1773 798 quam
1806 733 1949 779 modo
1983 724 2346 801 pertexebamus‚
2380 733 2540 797 dispu-

485 817 660 861 tati-one
693 817 880 860 accessit
911 816 1031 858 inter·
1057 821 1098 857 v.
1136 818 1195 859 50
1229 822 1273 857 et
1307 807 1388 858 5¹2:
1424 816 1613 858 alterum
1638 809 1728 858 tibi
1753 812 1985 870 *excidisse
2026 810 2285 870 credamus,
2320 828 2415 857 non
2451 812 2540 857 mi-

488 911 572 939 nus
605 890 813 938 difficile
823 892 947 937 dictu
977 902 1044 936 est
1077 908 1216 953 quam
1251 894 1351 937 'ubi
1365 893 1534 951 alium,
1578 908 1672 954 quo
1707 890 1887 953 pleu'ior
1925 891 2248 947 Ambrosianus
2290 890 2338 934 in
2371 890 2541 935 scheda

489 989 513 1016 c
546 972 643 1016 suit.
677 962 820 1015 Nam
855 986 958 1014 cum
992 972 1201 1031 quinque
1244 979 1290 1014 et
1318 970 1507 1033 triginta
1533 984 1687 1014 versus
1717 968 1861 1016 hodie
1894 968 2151 1052 interpositi
2189 968 2278 1014 sint
2320 967 2437 1013 inter
2467 959 2542 1028 tn,

491 1057 533 1107 1,
566 1054 624 1093 85
661 1058 706 1093 et
743 1047 1098 1109 121‚appa···et
1114 1050 1172 1093 ad
1206 1044 1395 1108 plenum
1425 1064 1667 1093 numerum
1701 1045 1893 1092 duarum
1931 1038 2199 1112 paginarum
2241 1044 2333 1091 tres
2371 1036 2543 1091 deesse.

485 1126 697 1183 Quorum
729 1124 852 1171 duos
885 1128 1040 1170 nescio
1083 1137 1139 1169 an·
1174 1136 1297 1182 recte
1333 1126 1434 1170 illos
1475 1127 1631 1171 fuisse·
1641 1116 1822 1189 putem,
1872 1139 1989 1186 quos
2035 1140 2139 1171 cum
2172 1126 2339 1171 v.102
2363 1123 2542 1170 ²s'ociaii

472 1206 593 1250 'iussi
624 1202 865 1250 Mantissae
897 1201 951 1255 ς
972 1211 1019 1247 1;
1063 1202 1250 1247 eosdem
1283 1212 1331 1247 ut
1363 1204 1434 1247 bis
1475 1194 1669 1265 scriptos
1711 1201 1885 1247 codex
1882 1204 2128 1249 te'n'uerit:
2173 1201 2231 1247 de
2270 1203 2391 1248 tertii
2431 1200 2542 1248 sede

485 1298 589 1328 cum
619 1278 777 1327 ‘omnia
809 1282 856 1325 iu
891 1281 1079 1341 ancipiti
1124 1282 1388 1325 coniectura
1427 1282 1576 1343 posita
1615 1281 1736 1340 sint,
1776 1287 1927 1355 tacere
1961 1280 2109 1343 quam
2148 1269 2379 1326 hariolari
2405 1280 2541 1326 malo.

477 1360 574 1406 'Sed
606 1368 762 1404 revera
796 1363 855 1402 et'
868 1358 946 1402 hic
980 1366 1025 1402 et
1064 1359 1156 1403 illic‘
1188 1360 1345 1414 saltem
1381 1360 1580 1421 singulos
1613 1314 1770 1404 deesse
1814 1361 1997 1418 versus,-
2025 1357 2075 1404 id
2107 1357 2322 1421 quidem
2355 1365 2544 1403 contro-

484 1451 662 1484 versum
698 1447 794 1481 esse
828 1436 899 1480 vix
929 1438 1154 1496 potuerit:
1190 1439 1337 1498 arguit
1379 1439 1502 1483 enim
1546 1428 1845 1510 computandi
1882 1437 2177 1505 necessitas,
2185 1451 2304 1498 quae
2347 1436 2396 1481 in
2428 1436 2543 1486 haec

480 1525 650 1576 genera
682 1522 937 1559 metrorum
983 1514 1128 1559 cadit'
1144 1516 1434 1560 brevioribus
1473 1506 1676 1560 versibus
1726 1515 2071 1577 comprehensa.
2147 1514 2301 1582 anue
2338 1515 2441 1576 ipsa
2484 1512 2543 1559 de

479 1607 635 1639 caussa
669 1593 906 1654 aliquanto
938 1590 1156 1638 incertius
1190 1593 1247 1638 de
1280 1592 1449 1638 scheda
1478 1592 1509 1637 h
1542 1592 1762 1645 iudicium
1791 1601 1870 1638 est.
1905 1592 2045 1639 'Nam
2073 1608 2176 1638 cum
2201 1590 2421 1638 trochaici
2437 1595 2541 1650 sint,

483 1671 565 1731 qui
599 1670 718 1715 inter
751 1670 838 1724 m,
872 1665 923 1728 2,
960 1671 1047 1716 109
1094 1679 1139 1715 et
1175 1667 1257 1715 141
1306 1669 1449 1716 hodie
1486 1670 1695 1731 leguntur
1739 1659 1932 1717 numero
1973 1671 2155 1730 triginta
2200 1686 2337 1728 unus,
2381 1668 2544 1731 quidni

483 1750 530 1793 in
564 1747 741 1793 duabus
773 1747 953 1808 paginis
980 1756 1183 1808 septem,
1217 1763 1335 1808 quos
1368 1747 1706 1807 desideramus,
1740 1749 1973 1809 potuerint
2011 1748 2190 1793 divisim
2235 1746 2388 1807 scripti
2433 1736 2545 1807 esse,

484 1827 641 1887 quales
673 1825 825 1870 statim
861 1826 909 1870 in
945 1827 1152 1884 proxima
1186 1826 1349 1886 pagina
1384 1827 1511 1882 (295)
1538 1843 1692 1871 revera
1723 1835 1814 1871 tres
1843 1827 2127 1886 reperimus?
2193 1826 2472 1885 Quanquam
2504 1826 2541 1868 si

485 1903 685 1965 demptis
721 1918 785 1947 vv.
822 1903 926 1947 130.
965 1906 1067 1960 131,
1099 1917 1298 1962 quorum
1335 1905 1471 1965 cap.I
1501 1909 1537 1955 §.
1561 1907 1590 1949 2
1620 1905 1795 1949 mentio
1823 1895 1952 1963 facta,
1983 1903 2100 1949 adeo
2132 1919 2298 1949 novem
2330 1920 2541 1948 versuum

483 1982 780 2027 multitudine
813 1980 1026 2025 hodierni
1063 1982 1242 2025 numeri
1267 1974 1332 2026 ab
1367 1983 1775 2030 Ambrosianorum
1817 1998 1980 2029 norma
2009 1983 2202 2042 distent,
2243 1972 2336 2029 hoc
2370 1999 2542 2044 prop&

484 2059 680 2104 modum
713 2059 905 2103 nimium
939 2058 1072 2103 fuerit
1106 2067 1150 2102 et
1183 2059 1243 2104 ita
1277 2069 1617 2120 comparatum,
1648 2069 1701 2107 ut
1731 2061 1789 2107 de
1822 2062 2000 2107 omissis
2029 2047 2304 2122 quibusdam
2344 2061 2543 2121 suspicio

486 2136 618 2181 valde
653 2144 882 2195 augeatur.
948 2136 1198 2181 Fatendum
1233 2146 1299 2181 est
1331 2147 1485 2183 tamen
1518 2155 1604 2183 nec
1636 2141 1694 2184 ab
1732 2139 2161 2199 interpolationibus
2195 2154 2280 2190 nec
2311 2154 2338 2183 a
2376 2153 2544 2198 perpe-

702 2300 726 2317 ὀ

645 2375 822 2426 quoniam
848 2383 927 2411 non
957 2377 1083 2423 potest
1112 2373 1279 2411 breviter
1306 2374 1405 2423 dici,
1434 2375 1653 2426 explicatius
1683 2374 1771 2414 olim
1795 2385 1929 2428 agam,
1958 2385 2044 2413 cum
2079 2374 2179 2413 hanc
2204 2384 2358 2413 scenam
2387 2376 2544 2414 univer-

645 2455 726 2482 sam
752 2442 945 2481 tractabo:
976 2452 1101 2491 neque
1131 2442 1229 2479 enim
1254 2443 1360 2492 prius
1388 2445 1528 2481 certius
1560 2445 1727 2482 iudicare
1756 2444 1804 2482 de
1823 2444 1988 2495 >singulis
2017 2444 2166 2492 licebit,
2190 2448 2230 2482 ut
2259 2454 2355 2493 quae
2383 2445 2544 2483 invicem

646 2523 695 2551 ex
721 2521 766 2550 se
791 2521 889 2549 nexa
916 2509 991 2549 sint
1016 2509 1267 2549 multifariam.
1308 2510 1454 2556 Quanta
1476 2515 1597 2550 autem
1620 2512 1659 2550 in
1682 2512 1757 2551 hoc
1785 2523 1930 2563 genere
1958 2511 2133 2552 cautione
2158 2513 2340 2561 opussit,
2368 2513 2427 2551 vet
2457 2512 2543 2552 hinc

646 2578 880 2630 intelligitur,
909 2578 1011 2628 quod
1031 2579 1188 2617 minimo
1213 2580 1371 2630 negotio
1398 2579 1448 2618 ad
1476 2580 1709 2618 trochaicum
1736 2581 1989 2631 septenarium
2011 2580 2123 2620 etiam
2151 2593 2212 2619 vv.
2241 2580 2304 2620 48.
2335 2581 2398 2620 49.
2427 2591 2544 2619 revo-

646 2647 725 2687 cari
753 2651 936 2697 poswme

742 2715 847 2766 sed,
869 2715 993 2765 Simo,
1024 2715 1074 2754 ita
1102 2725 1202 2754 nune
1228 2714 1365 2755 ventus
1391 2727 1528 2755 navem
1556 2715 1716 2764 [subito]
1745 2715 1921 2755 deseruit.
1973 2715 2029 2755 Sl.
2059 2715 2148 2769 quid
2175 2716 2264 2756 est?

650 2785 730 2823 Hoc
759 2788 881 2823 ιιιιιιιιιἱ
900 2785 975 2824 iam
1010 2795 1109 2823 nunc
1149 2784 1291 2831 fateor,
1324 2785 1371 2823 de
1401 2783 1683 2835 antistrophicis
1715 2783 1924 2823 rationibus
1960 2783 2070 2824 huius
2097 2795 2265 2831 scenae,
2294 2793 2386 2833 quas
2424 2793 2544 2835 sagax

652 2852 856 2891 Hermanni
882 2853 1072 2904 ingenium
1101 2853 1368 2904 investigavit,
1393 2863 1473 2891 non
1501 2851 1590 2890 mihi
1616 2856 1696 2890 tam·
1720 2839 1942 2902 persuasum
1969 2863 2058 2891 esse
2083 2863 2193 2903 qnam
2220 2852 2300 2901 ipse
2327 2851 2471 2889 vetlem.
2493 2875 2543 2883 —

649 2917 724 2958 Sed
751 2931 974 2972 quoeunque
1000 2920 1114 2960 modo
1140 2920 1189 2959 de
1214 2920 1372 2972 reliquis
1395 2920 1648 2969 iudicabitur,
1676 2918 1779 2959 tttud
1790 2920 1878 2971 'pitto
1908 2923 2052 2960 certuin'
2077 2930 2177 2969 esse,
2205 2919 2396 2969 pristinam
2425 2931 2447 2958 a
2467 2931 2542 2959 no-

654 2986 714 3026 bis
752 2988 882 3026 sedem
913 3000 1016 3028 suam
1048 2994 1221 3039 tanquam
1250 2990 1392 3028 extorri
1423 2991 1550 3028 versui
1593 2989 1644 3027 itti
1661 2988 1745 3027 Eia
1774 2988 1957 3042 mastigid
1982 2998 2020 3049 e,
2034 2997 2090 3040 q.·
2116 2994 2147 3027 5.
2188 2987 2404 3040 indagatam
2444 3000 2543 3038 esse,

654 3057 736 3097 sive
762 3057 890 3097 versui
918 3058 967 3097 52
993 3058 1092 3097 ittam
1121 3060 1365 3108 praemiseris
1388 3071 1469 3100 swe
1499 3061 1773 3112 postposueris.
1846 3058 1848 3062 ’
