2849 3591
1377 217 1438 239 .-
1483 195 1598 252 25
1628 219 1686 232 ..

504 328 591 374 rito
623 340 649 368 a
668 324 859 373 comico
895 331 1041 383 poeta
1060 321 1156 382 hoc
1181 322 1493 392 requirimus,
1497 331 1572 379 ιιι
1584 324 1732 389 ipsam
1751 336 1928 384 rerum
1928 325 2419 386 veritatomsmquam
2444 327 2560 372 vitae

501 402 688 462 speculo
722 401 893 462 aliquo
904 401 1061 466 oculis
1095 400 1261 459 nostris
1294 394 1654 464 repraesentet.
1681 402 1741 457 Vt
1766 403 1804 448 si
1838 395 1992 459 modo.
1993 413 2104 449 vera
2126 408 2277 459 esset,
2286 404 2440 455 tamen
2464 419 2558 449 nou

502 480 624 525 hanc
659 479 752 524 vim
787 479 979 525 Acidalii
1022 479 1311 530 ratiocinatio
1338 478 1572 539 habetet,
1592 489 1644 526 ut
1667 475 2044 555 contrahendam
2063 475 2370 542 Theuropidis
2412 488 2458 524 et
2470 482 2565 533 ,δί-ἑ

501 557 655 602 monis
690 557 1142 629 expostulationem,
1162 555 1248 605 sed
1277 563 1334 613 ut
1372 557 1582 620 omuino„
1596 573 1717 610 non
1721 558 1793 607 in
1791 551 2070 618 ,munem
2104 568 2263 610 coram
2291 559 2562 626 spectatori-

498 635 586 680 bus
620 633 874 694 agendam,
893 648 1065 687 verum
1095 624 1339 692 tanquam
1345 633 1409 679 ab
1447 630 1551 682 iuis
1559 635 1724 699 factam
1757 641 1961 696 tantum
1974 632 2260 695 narrandam
2281 633 2420 693 fuisse
2448 649 2563 679 con-

501 711 787 757 cederemus.
854 710 986 767 Quae
1019 709 1353 773 omniastiffli
1388 684 1952 773 nondumsatislessead
1981 708 2559 769 redarguendam-Acidalii

504 789 842 835 excusationem
876 786 1480 847 videbuntur,-gravissima
1505 786 1891 848 ‚baecffij’eputato
1918 804 1984 838 ex
2026 782 2120 846 ipsa
2154 786 2311 846 uagus
2350 802 2561 848 nexuque

505 866 836 938 sententiarum
870 863 1025 923 petita.
1075 864 1308 922 3Primum.
1331 864 1482 923 enim,
1515 860 1881 926 quorsum‚.fhoc'
1922 858 2133 923 et-2.‘m'¹⁸‚-'³
2156 872 2364 935 spectant
2394 876 2439 910 ν.»
2466 864 2560 910 349

505 942 711 1000 Deinde,
745 936 849 1002 quis
880 940 1072 986 tandem
1105 950 1195 1001 est,
1233 942 1313 1003 qui
1347 942 1443 989 filio
1470 943 1593 993 velle,
1620 959 1815 1009 ιιιοιτιειιι,
1835 942 1954 1003 dane
1980 932 2320 1005 Theuropidem
2353 943 2545 988 aiebat'.
2537 945 2557 980 -0

501 1021 714 1080 Denique
749 1018 867 1080 quid
901 1027 1009 1079 est,
1052 1019 1182 1080 quod
1215 1019 1521 1082 respondere·
1549 1006 1697 1086 Simo
1720 1018 2070 1091 Theumpidem
2094 1022 2235 1066 ‘iubet
2272 1036 2312 1067 v
2343 1023 2429 1081 32,
2465 1037 2556 1087 'nec

499 1099 754 1158 quicquam
786 1088 944 1144 tamen
977 1113 1030 1141 ex
1062 1112 1118 1143 eo
1149 1098 1393 1157 quaerit?-
1407 1098 1547 1158 Ergo
1549 1097 1619 1161 de
1637 1099 1805 1159 lacuna
1827 1097 2016 1159 quidem
2050 1104 2173 1157 cum}
2189 1098 2389 1149 dubitari
2421 1114 2556 1160 pror-

496 1191 574 1221 sus
611 1185 829 1235 nequeat,
861 1173 953 1222 hoc
978 1186 1126 1218 unum
1156 1160 1284 1230 facile
1314 1175 1556 1240 quispiam
1562 1175 1834 1235 ambiguum
1865 1175 2057 1242 dixeiit,
2078 1184 2277 1231 tantane
2298 1175 2374 1233 ina
2404 1176 2561 1222 videa-

497 1263 573 1299 tur
605 1270 701 1298 esse
734 1269 903 1313 posse,
933 1259 1106 1310 quanta
1138 1251 1286 1303 nium
1312 1260 1359 1298 et
1383 1252 1545 1312 viginti
1578 1267 1789 1307 versuum
1816 1254 2020 1323 spatium
2064 1262 2272 1321 aequet·
2311 1241 2411 1299 Non
2444 1269 2562 1316 opus

498 1347 594 1377 esse
625 1339 696 1374 tot
730 1330 935 1373 versibus
967 1328 1025 1373 ad
1066 1344 1173 1374 eum
1203 1344 1344 1388 quem
1388 1330 1667 1393 requirimus
1698 1329 1864 1374 nexum
1890 1309 2335 1404 redintegrandum,
2374 1330 2423 1375 id
2456 1332 2562 1391 qui-

498 1408 604 1452 dem
647 1407 881 1451 fortassis
877 1406 1152 1472 largiamur.
1230 1404 1400 1455 Contra
1442 1407 1525 1451 ubi
1566 1415 1747 1475 praeter
1790 1423 1936 1452 unum
1981 1408 2114 1462 illum
2152 1408 2315 1452 Iocum..
2339 1409 2421 1463 (et
2456 1424 2560 1452 eum

497 1500 639 1545 quem
675 1492 812 1528 antea
839 1482 1387 1544 indagavimus)-aiiquid
1419 1484 1465 1529 in
1498 1484 1588 1532 hac.
1615 1483 2128 1549 totascenaexcidisse
2161 1483 2342 1549 dicam,
2365 1500 2562 1551 ‚prorsus

497 1578 591 1609 non
625 1562 793 1606 habeo.
862 1561 1107 1625 Haberem,
1138 1559 1264 1620 side
1291 1562 1502 1622 proxima
1533 1570 1757 1623 ageretur,
1788 1562 1870 1607 ubi
1903 1560 1963 1607 de
1994 1562 2167 1608 lacunis
2199 1578 2304 1622 cum
2336 1562 2445 1607 alibi
2479 1578 2561 1606 co·-

496 1640 627 1700 gitari
661 1648 842 1699 potest,
874 1647 973 1683 tum
1006 1654 1108 1699 non
1137 1646 1288 1699 potest
1322 1655 1418 1684 non
1447 1639 1634 1700 cogitari
1668 1648 1773 1699 post
1805 1655 1845 1684 v.
1881 1644 1909 1685 2
1944 1648 1990 1685 ct
2020 1648 2125 1701 post
2155 1642 2238 1686 37:
2278 1639 2411 1700 ⁴quod
2451 1640 2555 1683 lon-

497 1734 604 1777 gum
643 1726 709 1761 est
742 1732 865 1762 nunc
897 1717 1106 1795 pluribus
1134 1715 1362 1803 persequi.
1437 1716 1529 1762 Nec
1569 1732 1677 1761 vero
1714 1717 1752 1762 is
1793 1732 1822 1775 a
1845 1722 1965 1777 'quob
1999 1717 2208 1778 proxima
2252 1731 2388 1762 scena
2432 1731 2562 1761 versu

502 1795 700 1840 onditur:

752 1872 845 1929 Qui
880 1873 1024 1921 homo
1060 1841 1247 1916 timidus
1282 1872 1368 1917 erit
1398 1871 1446 1933 ιιι
1480 1873 1615 1925 rebus
1648 1871 1817 1931 dubiis,
1850 1873 1982 1917 nauci
2019 1889 2115 1932 non
2148 1873 2248 1930 erit,

500 1951 675 2010 quippe
712 1950 760 1995 in
792 1948 951 1995 eadem
987 1949 1035 1994 in
1075 1964 1166 2011 qua
1200 1965 1430 1994 ιθιεειιιιιιι·
1464 1950 1755 1995 Ambrosiaui
1789 1949 1955 2010 pagina
1987 1949 2199 1994 ultimum
2241 1948 2392 1993 locum
2438 1950 2561 1993 obti-

498 2043 638 2086 nens,
670 2028 766 2072 eius
799 2042 959 2072 scenae
994 2043 1088 2073 non
1123 2027 1256 2090 fuisse
1289 2028 1464 2098 [nimus
1497 2026 1691 2073 videtur,
1762 2027 1974 2087 Denique
2007 2042 2066 2072 ne
2107 2027 2327 2086 integram
2371 2025 2561 2086 quidem

496 2120 684 2152 scenam
714 2107 833 2152 inter
863 2106 934 2165 IV,
966 2093 997 2152 3
1033 2114 1078 2151 et
1102 2094 1154 2165 V,
1191 2111 1212 2150 1
1256 2095 1476 2151 excidisse
1515 2107 1612 2154 ullo
1652 2105 1796 2161 modo
1825 2106 1932 2150 veri
1973 2113 2039 2149 est
2082 2104 2241 2149 simile.
2320 2102 2463 2160 Quod
2501 2103 2562 2148 it'a

497 2198 594 2228 esse
625 2183 754 2228 facile
787 2184 1038 2243 intelligeS,
1070 2184 1107 2228 si
1138 2184 1332 2243 singulas
1364 2183 1542 2233 fabulae
1582 2176 1830 2244 personas,
1875 2181 1989 2243 quid
2023 2182 2092 2226 vei
2132 2183 2307 2241 egerint
2336 2181 2408 2226 vel·
2441 2197 2562 2226 nunc

497 2275 628 2321 agere
664 2261 866 2321 possint,
907 2260 1268 2320 perlustraveris3
1313 2275 1400 2305 nec
1444 2262 1566 2307 enim
1615 2262 1863 2323 quicquam
1910 2258 2139 2321 reliquum
2185 2269 2276 2317 est,
2320 2259 2450 2319 quod
2491 2260 2561 2304 vel

495 2335 814 2398 Theuropides
850 2335 1059 2382 nondum
1095 2337 1397 2397 compererit,
1429 2338 1498 2383 vel
1532 2337 1591 2383 ad
1624 2339 1775 2390 rerum
1811 2356 1931 2400 quae
1958 2347 2153 2398 aguntur
2183 2336 2398 2398 'ordinem
2440 2339 2560 2381 inte-

496 2414 804 2475 gritatemque
839 2429 924 2459 nos
957 2413 1284 2481 desideremus.

625 2493 658 2538 E
690 2501 760 2538 tot
793 2492 931 2553 igitur.
962 2492 1195 2552 tantisque
1229 2490 1595 2546 dubitationibus
1628 2510 1776 2555 ecquo
1821 2496 1911 2541 alio
1955 2494 2122 2540 modo
2119 2509 2437 2556 emergemus,
2472 2493 2557 2536 nisi

495 2581 546 2617 ut
578 2571 674 2616 eius
705 2571 835 2629 viae,
874 2571 1001 2617 cuius
1036 2571 1191 2621 nobis
1224 2571 1464 2618 veritatem
1514 2573 1922 2632 necessitatemque
1961 2561 2147 2632 prorsus
2189 2572 2559 2631 persuaserimuS,

503 2651 758 2710 exemplum
793 2648 1148 2709 proponamus?
1215 2646 1525 2698 Certissimum
1560 2648 1682 2693 enim
1717 2665 1813 2693 esse
1846 2651 2181 2707 existimamus,
2215 2663 2294 2692 eos
2327 2648 2406 2708 qui
2440 2648 2558 2692 circa

500 2726 569 2784 IV,
600 2730 642 2784 3,
677 2730 737 2773 32
770 2725 1106 2783 interciderint,
1139 2741 1292 2771 versus
1326 2726 1507 2771 circiter
1537 2725 1672 2769 XXIII
1706 2728 1755 2770 in
1794 2742 1885 2771 una
1927 2726 2230 2787 Theuropidis
2262 2725 2556 2785 simonisque

499 2803 790 2850 altercatione
824 2819 919 2849 esse
954 2810 1154 2849 versatos
1189 2804 1325 2863 eique
1354 2804 1420 2848 rei
1454 2803 1565 2848 illud
1597 2804 1793 2863 spatium
1826 2820 1911 2848 nec
1942 2820 2102 2865 parum
2124 2818 2219 2847 esse
2243 2817 2326 2845 nec
2347 2794 2554 2846 nimium.

500 2879 648 2939 Quod
678 2889 727 2925 ut
759 2882 819 2927 ita
852 2899 900 2927 se
933 2897 1094 2942 reapse
1124 2882 1297 2926 habere
1329 2875 1427 2928 aliis
1450 2867 1650 2943 ⁴quoque
1675 2874 2068 2943 persuaderemus,
2098 2879 2346 2940 explendae
2364 2881 2551 2924 lacunae

481 2961 591 3009 2hoc
624 2958 757 3020 quod
791 2959 903 3004 infra
932 2960 1170 3019 posuimus
1201 2959 1454 3020 periculum
1484 2959 1689 3017 fecimus,
1717 2975 1811 3004 non
1842 2959 1997 3005 hercle
2030 2955 2143 3003 illud
2173 2958 2265 3003 ulio
2291 2965 2424 3017 pacto
2448 2958 2551 3020 tale,

500 3036 631 3098 quod
665 3035 874 3083 Plautina
901 3042 994 3081 arte
1027 3034 1216 3096 dignum
1245 3044 1532 3095 putaremus,
1564 3034 1646 3084 sed
1677 3036 1727 3085 in
1769 3037 2007 3098 quantavis
2048 3035 2266 3081 tenuitate
2310 3025 2351 3080 ei
2396 3045 2550 3080 tamen
