2849 3591
1132 213 1441 259 ...47—

346 328 351 331 ’
384 335 445 382 65
507 334 602 382 ΤΒ.
638 332 765 392 Quid
795 334 858 380 ais
888 335 972 380 tu?
1003 343 1113 396 tun,
1144 335 1392 382 hominum
1426 336 1637 383 omnium
1663 340 1954 400 tactem-nme,

379 413 442 458 66
504 411 675 457 Venisti
703 411 799 456 huc
828 419 876 455 te
908 413 1215 458 ementatum?
1247 429 1352 476 agas
1384 413 1515 476 quod
1542 416 1590 458 in
1622 424 1818 459 manust.

376 490 435 535 67
500 486 603 539 Non
637 484 742 546 dat,
774 502 870 533 non
903 485 1056 533 debet.
1121 488 1211 536 DA.
1243 494 1338 536 non
1365 490 1534 537 debet?
1597 491 1691 535 ΤΒ.
1727 506 1786 534 ne
1817 490 1906 552 gry'
1936 493 2122 553 quidem

377 567 439 611 68
505 564 625 609 Ferri
658 562 768 609 hinc
800 572 966 624 potest.
1031 580 1089 611 an
1120 568 1190 612 vis
1216 566 1328 613 hinc
1360 568 1515 629 aliquo
1551 569 1686 615 abeat
1717 568 1876 615 foras?

374 644 457 688 69⁷
501 643 670 690 >Vrbem
692 643 806 689 *exul
829 643 1017 705 linquat
1047 642 1245 691 faenoris
1277 647 1432 690 caussa
1462 645 1561 692 tuii‘

504 720 526 745 a
593 727 596 730 ⁴
708 720 733 758 ης
920 721 944 746 2oe
1133 722 1158 746 ne
1342 722 1366 746 ιι
1553 724 1576 747 ιι

373 800 435 844 70
504 795 631 854 Quin
660 799 832 842 sortem
853 797 1160 858 pollicebitur.
1185 825 1188 826 ν
1226 800 1318 845 ΒΑ.
1352 799 1479 858 Quin
1512 803 1610 845 non
1641 811 1771 862 peto:

375 878 429 920 71
500 870 856 920 Reddundumst
884 872 1067 933 faenus,
1094 874 1251 920 faenus
1282 874 1622 924 reddundumst
1649 881 1778 925 mihi.

376 956 437 997 72
500 952 597 996 Tm.
617 951 832 996 Molestus
862 967 920 997 ne
951 951 1033 997 sis:
1067 955 1205 997 nemo
1237 952 1342 1013 dat,
1379 971 1459 1017 age
1493 956 1607 1017 quid
1637 958 1778 1003 lubet.

374 1032 436 1075 62
502 1030 594 1074 DA.
626 1028 840 1074 Molestus
870 1030 907 1073 si
938 1045 1070 1089 sum,
1097 1028 1277 1076 reddite
1312 1043 1567 1093 argentum:
1602 1035 1774 1080 abiero.

373 1110 434 1153 63
486 1097 838 1166 νΒεῑερὲἷιῐιὲιίοῐιιεει
866 1108 1019 1156 omnis
1048 1107 1141 1152 hoc
1171 1109 1362 1153 verbum
1397 1111 1545 1172 eripit.

373 1185 433 1231 64
499 1185 585 1231 TR.
620 1184 799 1231 Sortem
835 1184 1002 1245 accipe.
1069 1185 1156 1231 DA.
1191 1186 1335 1230 immo
1368 1186 1555 1247 faenus,
1588 1187 1637 1233 id
1668 1190 1871 1250 primum
1905 1191 2025 1235 volo.
2070 1177 2077 1181 ,

374 1261 434 1309 74
501 1262 625 1308 Cedo
661 1262 841 1322 faenus3
874 1261 1018 1308 redde
1050 1262 1231 1309 faenus:
1263 1264 1420 1309 faenus
1452 1264 1646 1310 reddite.

373 1345 431 1388 76
498 1344 611 1387 Date
646 1342 760 1386 mihi
794 1342 962 1386 faenus.
1027 1341 1114 1386 ΤΚ
1145 1341 1304 1387 faenus
1334 1343 1452 1401 illic,
1483 1343 1641 1389 faenus
1666 1344 1764 1390 hic:

373 1424 430 1463 77
498 1420 647 1465 Nescit
680 1419 870 1479 quidem
903 1420 989 1462 nisi
1022 1419 1179 1463 faenus
1210 1418 1467 1464 fabularier.

372 1501 432 1543 73
474 1497 564 1540 Tu
596 1498 745 1554 solus,
774 1495 938 1554 credo,
971 1496 1157 1541 faenore
1189 1499 1428 1557 argentum
1461 1495 1616 1557 datas,

376 1577 436 1621 78
500 1575 750 1620 Veterator.
784 1590 937 1636 neque
970 1590 1054 1636 ego
1086 1575 1350 1619 taetriorem
1383 1576 1567 1620 beluam
1663 1567 1673 1572 ’

373 1654 431 1701 79
496 1652 668 1699 Vidisse
701 1668 776 1697 me
807 1668 1015 1714 unquam
1049 1657 1318 1714 quenquam
1352 1640 1491 1713 onam
1524 1662 1571 1697 te
1604 1655 1785 1698 censeo.

371 1733 432 1777 80
500 1729 590 1777 DA.
622 1732 723 1781 Non
756 1730 922 1791 edepol
957 1746 1079 1775 nunc
1108 1740 1159 1787 tu
1192 1748 1269 1776 me
1300 1733 1395 1776 istis
1425 1732 1577 1776 verbis
1607 1733 1798 1777 territas.

373 1811 431 1854 75
500 1808 720 1854 Daturine
753 1809 859 1853 estis
891 1808 1047 1853 faenus
1082 1813 1286 1853 actutum
1318 1810 1465 1853 mihi?

371 1889 434 1932 82
463 1886 582 1932 ·.TH.
617 1886 758 1943 Quod
790 1886 902 1931 illud
931 1884 1003 1931 est
1031 1886 1212 1944 faenus,
1244 1888 1464 1944 obsecro,
1497 1886 1627 1946 quod
1659 1888 1749 1931 illic
1781 1886 1926 1947 petit?

336 1964 458 2008 Duas
489 1964 607 2008 solas
639 1963 949 2021 dubitationes
980 1978 1215 2023 superesse
1248 1964 1437 2008 lacunae
1465 1965 1586 2007 notis
1610 1964 1858 2024 significavi
1892 1972 1998 2024 post
2021 1979 2057 2009 v.
2082 1966 2141 2009 60
2167 1972 2211 2008 et
2241 1964 2301 2009 69

246 2040 419 2100 positis.
488 2038 667 2098 Quodsi
701 2040 823 2086 enim
859 2039 1219 2086 excandescendi
1251 2055 1291 2084 v.
1326 2042 1384 2084 65
1419 2055 1622 2085 caussam
1653 2041 1870 2085 Tranioni
1903 2050 2026 2084 recte
2061 2040 2155 2085 dixi
2187 2041 2307 2084 hanc

249 2117 411 2176 fuisse,
444 2116 573 2178 quod
605 2118 693 2163 alta
723 2133 837 2164 voce
868 2118 1193 2163 Philolachetis
1233 2133 1407 2163 nomen
1438 2118 1616 2162 danista
1648 2120 1910 2162 clamasset:
1944 2134 2097 2177 neque
2133 2118 2219 2161 alia
2260 2117 2308 2161 in

245 2177 318 2239 his
349 2195 639 2240 sermonibus
670 2195 764 2250 ulla
789 2196 1013 2255 suppetit:
1047 2204 1407 2240 consentaneum
1446 2204 1513 2239 est
1546 2197 1610 2239 illi
1644 2197 1731 2256 ipsi
1766 2196 2077 2239 inclamationi
2108 2194 2307 2239 Tranio·-

247 2273 319 2316 nis
342 2272 553 2317 convicia
586 2272 856 2318 continuari.
932 2271 1071 2332 Atqui
1112 2273 1286 2318 Tranio
1327 2274 1385 2318 ab
1429 2273 1561 2318 initio
1610 2274 1880 2318 clamantem
1923 2270 2080 2315 irridet
2125 2279 2304 2315 tantum

245 2366 287 2392 v.
322 2350 403 2394 60:
436 2348 643 2395 danistae
671 2358 821 2395 autem
853 2364 1123 2409 responsum
1151 2347 1317 2395 ‘meum
1351 2348 1474 2410 peto’
1504 2358 1552 2395 et
1583 2349 1765 2393 brevius
1802 2356 1869 2392 est
1910 2363 1995 2391 nec
2031 2348 2136 2392 satis
2171 2347 2304 2405 forte,

246 2443 385 2487 quam
420 2442 516 2488 quo
550 2427 612 2472 ita
652 2427 727 2472 ille
761 2426 1082 2486 exacerbetur,
1113 2434 1165 2473 ut
1194 2426 1285 2473 iam
1319 2426 1379 2473 de
1406 2427 1633 2489 placando
1666 2428 1946 2471 faeneratore
1985 2440 2171 2486 prorsus
2213 2427 2302 2469 sibi

245 2503 583 2563 desperandum
618 2505 850 2564 intelligat.
919 2504 1034 2565 Ergo
1066 2505 1209 2550 altero
1243 2506 1464 2551 versiculo
1498 2504 1702 2567 quodam
1736 2504 1893 2549 addito
1931 2504 2053 2547 velut
2084 2504 2132 2547 in
2175 2503 2303 2548 hunc

244 2580 435 2632 modum
472 2581 722 2640 perrexisse
756 2581 980 2627 danistam
1013 2582 1231 2627 arbitror:

1428 2674 1584 2704 meum
1615 2667 1749 2719 peto,

494 2738 777 2798 Pergamque
809 2739 1004 2782 clamare
1036 2752 1184 2798 usque
1215 2735 1327 2781 dum
1356 2736 1466 2782 hinc
1494 2751 1728 2796 accepero.

240 2810 418 2856 Deinde
458 2822 610 2858 autem
652 2813 752 2858 fieri
791 2816 982 2877 nequit,
1023 2824 1103 2874 ut,
1150 2822 1396 2876 postquam
1435 2814 1600 2858 Tranio
1652 2812 1778 2857 ‘nihil
1811 2812 1922 2857 hinc
1952 2811 2070 2857 ferre
2116 2813 2298 2873 poteris'

243 2888 378 2949 dixit,
409 2904 649 2953 paucaque
680 2892 795 2938 haec
824 2892 1012 2939 adiecit:
1060 2893 1130 2939 ‘an
1177 2909 1232 2939 eo
1275 2890 1597 2954 progrediere,
1639 2899 1692 2935 ut
1731 2890 1860 2936 illum
1915 2890 2096 2935 exulare
2139 2905 2191 2934 co
2223 2887 2296 2947 as’,

241 2968 462 3014 continuo
497 2986 550 3015 ac
581 2972 680 3017 sine
711 2973 800 3017 ulla
828 2987 982 3018 caussa
1024 2972 1072 3016 in
1106 2972 1379 3017 contrariam
1412 2977 1587 3030 partem
1621 2969 1739 3012 flexo
1773 2968 1958 3027 animo,
1991 2966 2118 3029 quod
2151 2906 2293 3010 ωἰὶο

242 3046 450 3107 negavit,
480 3046 600 3092 ultro
630 3047 819 3111 offerat,
850 3056 1020 3093 sortem
1052 3063 1138 3108 pro
1172 3049 1357 3095 faenore
1389 3048 1561 3108 sperari
1595 3047 1759 3091 iubens
1786 3061 1825 3093 v.
1856 3051 1936 3095 70:
1969 3046 2092 3106 ‘quin
2123 3052 2295 3089 sortem
