2849 3591
1152 199 1335 243 ..37
1399 219 1460 233 ·-

282 322 341 367 iis
372 321 509 369 etiam
542 319 838 382 fortioribus,
866 317 1030 367 eadem
1062 321 1287 366 sententia
1326 335 1428 366 nou
1463 321 1685 381 repetitur
1712 322 1866 381 potius
1904 338 2046 384 quam
2079 321 2336 369 intenditur

283 407 329 444 et
356 398 678 445 confirmatur:
711 395 765 444 id
794 394 925 457 quod
955 396 1005 440 in
1036 396 1164 441 illum
1197 390 1347 458 ipsum
1376 412 1561 444 versum
1594 396 1716 443 cadit
1745 407 1798 443 ut
1832 398 1959 457 quod
1981 401 2210 459 maxime,
2242 401 2335 445 mi—

274 491 450 538 nusque
483 476 623 521 etiam
644 472 920 519 'offensionis
951 473 999 519 in
1024 488 1085 518 ea
1119 475 1328 520 oratione
1358 475 1523 534 habet,
1555 491 1696 536 quam
1731 491 1828 520 non
1860 477 1959 519 sine
1990 480 2180 522 verbosa
2215 494 2333 539 qua·

274 554 380 601 dam
409 552 704 614 loquacitate,
737 551 929 596 minime
957 552 1034 597 illa
1064 567 1090 597 a
1122 552 1333 599 Plautino
1365 553 1549 614 ingenio
1579 554 1744 613 aliena,
1776 553 2065 599 Philolaches
2093 557 2331 614 pertexuit„

273 633 421 677 Vnum
453 630 550 676 hoc·
578 629 728 690 addo,
760 646 856 677 non
887 630 1033 677 videri
1068 629 1127 676 de
1159 632 1368 677 trimetro
1407 647 1509 676 cum
1543 633 1805 677 Hermanno
1841 633 1979 678 Elem.
2019 631 2165 677 doctr.
2199 644 2329 678 metr.

273 726 319 769 p.
353 709 444 756 299
478 707 797 769 cogitandum,
828 707 910 753 sed
937 708 1151 754 facillimo
1185 710 1371 770 negotio
1406 709 1741 756 restituendum
1773 719 2114 755 tetrametrum:

525 787 581 831 At
612 801 696 846 ego
728 785 778 830 'id
808 785 956 838 [facile
989 786 1327 838 nauel-faciam
1360 788 1421 833 ita
1453 792 1549 833 esse
1580 797 1633 833 ut
1664 787 1873 834 credatis,

276 862 485 910 Ceterum
518 864 698 910 inverso
732 860 895 908 ordine
926 863 1031 909 libri
1057 859 1169 909 ‘esse
1201 861 1274 910 ita'
1305 866 1529 926 praebent
1555 867 1711 927 priore
1743 881 1899 925 versu,
1923 860 2003 910 ‘ita
2037 861 2145 910 esse'
2174 875 2331 926 poste-

276 942 421 987 riore:
454 957 559 986 vere
591 947 839 999 utrumque
873 940 930 984 ab
963 940 1225 1004 Hermanno
1261 952 1531 987 correctum.

399 1018 503 1064 Non
530 1019 673 1078 magis
704 1035 871 1064 nexum
904 1033 1196 1076 sermonum,
1221 1033 1407 1078 prorsus
1439 1019 1499 1064 ad
1529 1019 1596 1064 rei
1633 1035 1751 1080 quae
1786 1022 1929 1080 agitur
1963 1020 2193 1065 rationem
2228 1035 2333 1080 per-

277 1110 587 1154 sonarumque
621 1105 667 1140 et
698 1094 1022 1141 condicionem
1058 1103 1103 1139 et
1133 1082 1317 1140 sensum
1352 1095 1808 1142 accommodatorum
1841 1106 2194 1157 perspexerunt,
2227 1099 2336 1158 qui-

277 1173 363 1217 bus
394 1173 444 1217 in
470 1172 597 1218 Most.
629 1173 680 1232 V,
720 1179 736 1217 1
775 1173 969 1231 horum,
1012 1187 1131 1232 quos
1161 1171 1279 1219 infra
1306 1174 1465 1233 posui,
1495 1189 1705 1219 versuum
1740 1178 1815 1227 (30
1849 1178 1972 1233 sqq.)
2015 1183 2201 1233 quartus
2241 1174 2336 1219 dis-

276 1252 459 1311 plicuit:

279 1321 337 1375 30
400 1330 487 1375 ΤΗ.
522 1329 734 1375 Nostrum
769 1347 851 1390 ego
881 1331 1008 1374 hune
1032 1330 1233 1375 vicinum
1261 1331 1429 1391 opinor
1455 1334 1551 1375 esse
1578 1330 1819 1375 hominem
1842 1328 2059 1375 audacem
2085 1332 2130 1374 et
2149 1329 2336 1375 malum.

402 1408 490 1450 ΤΒ.
524 1407 727 1463 Quidum
742 1410 777 1451 ἰ),
825 1409 914 1452 TH.
948 1408 1058 1466 quia
1090 1412 1225 1466 negat
1256 1408 1436 1452 novisse
1467 1411 1563 1452 vos.
1597 1408 1685 1453 TR.
1720 1407 1883 1466 negat?
1916 1407 2005 1451 ΤΗ.
2040 1422 2124 1452 nec
2145 1411 2227 1453 vos
2248 1408 2338 1452 sibi

404 1484 655 1530 Nummum
696 1500 902 1545 unquam
953 1487 1125 1544 argenti
1166 1484 1360 1528 dedisse.
1425 1487 1518 1529 TR.
1568 1486 1677 1543 abi,
1716 1486 1837 1529 ludis
1882 1502 1957 1529 me
2004 1484 2167 1544 credo:
2208 1484 2337 1531 haud

1774 1572 1919 1622 negat.

403 1638 497 1684 TH.
529 1637 657 1695 Quid
688 1639 815 1683 iam?
877 1639 970 1685 ΤΒ.
1006 1639 1101 1683 scio
1124 1639 1288 1683 iocaris
1315 1654 1438 1683 nunc
1468 1648 1541 1684 tu:
1577 1654 1683 1683 nam
1713 1641 1786 1683 ille
1817 1639 2005 1699 quidem
2034 1637 2161 1683 haud
2191 1649 2337 1698 negat.

401 1715 496 1761 TH.
529 1701 676 1761 lmmo
708 1715 879 1777 edepol
910 1718 1045 1777 negat
1075 1716 1304 1776 profecto:
1336 1720 1489 1777 neque
1522 1731 1571 1760 se
1603 1717 1686 1761 has
1718 1717 1842 1760 aedis
1874 1716 2128 1760 Philolachi

281 1797 340 1839 35
405 1793 686 1838 Vendidisse.
750 1795 842 1848 ΤΗ,
876 1794 987 1837 eho:
1022 1796 1081 1837 an
1114 1795 1294 1853 negavit
1324 1795 1409 1837 sibi
1444 1779 1601 1838 datum
1632 1804 1885 1854 argentum,
1921 1792 2149 1836 obsecro?
2183 1807 2223 1834 e.
2244 1807 2289 1851 q.
2305 1808 2339 1835 s.

276 1871 389 1916 Nam
424 1872 506 1916 etsi
538 1872 613 1915 ille
645 1857 838 1930 quidem
869 1886 1022 1916 versus
1055 1870 1183 1915 abest
1213 1885 1323 1915 sane
1355 1887 1381 1915 a
1415 1871 1664 1916 Decurtato
1698 1872 1848 1930 iisque
1890 1870 1969 1930 qui
2004 1885 2057 1913 ex
2098 1883 2154 1913 eo
2200 1869 2342 1912 fluxe-

278 1957 387 1992 runt
415 1948 661 2008 exempliS,
693 1947 915 2007 Lipsiensi
946 1946 1050 1992 cod.
1087 1955 1132 1991 et
1164 1946 1274 1992 edit.
1307 1948 1470 2007 princ.,
1500 1956 1657 1992 tamen
1691 1962 1845 1992 errore
1867 1932 2157 1991 librariorum
2183 1948 2339 1990 abesse

277 2025 414 2069 Vetus
443 2034 645 2076 testatur.
712 2025 766 2070 Et
798 2023 914 2084 quid
944 2025 1087 2085 magis
1116 2033 1271 2085 potest
1303 2023 1362 2070 ad
1377 2025 1623 2070 Tranionis
1651 2023 1980 2069 confidentiam
2011 2023 2339 2083 consciumque

276 2101 448 2146 fraudis
496 2103 701 2149 animum
749 2103 1012 2161 appositum
1056 2118 1154 2154 esse
1195 2117 1334 2163 quam
1378 2102 1595 2162 repetita,
1637 2100 1719 2146 sed
1766 2109 1833 2145 sat
1877 2100 2106 2161 eleganter
2147 2101 2338 2160 repetita

276 2194 333 2224 v..
352 2182 413 2224 33
446 2166 700 2230 sententian
733 2194 741 2204 ³
764 2177 918 2234 Modo>
935 2192 1234 2224 numerorum
1260 2179 1518 2224 rationibus
1546 2177 1713 2223 rectius
1744 2193 1884 2237 quam
1918 2192 1944 2221 a
1976 2177 2143 2221 Bothio
2170 2191 2337 2220 consu-

278 2257 419 2314 latur,
461 2256 589 2300 cuius
618 2255 830 2317 pinguius
873 2256 1111 2300 inventum
1140 2251 1357 2316 ‘namque
1389 2256 1481 2300 illic
1511 2254 1706 2315 quidem
1739 2253 1865 2298 haud
1897 2247 2038 2312 negat'
2069 2267 2166 2296 non
2199 2252 2338 2296 dubi-

278 2333 422 2389 tabis,
457 2331 620 2388 credo,
649 2332 759 2375 huic
788 2332 1087 2390 posthabere:
1125 2365 1128 2367 -
1962 2378 1966 2379 ⁷

403 2409 498 2454 TH.
530 2407 656 2465 Quid
688 2409 777 2454 iam
793 2410 819 2453 1>-
879 2410 971 2455 ΤΗ.
1000 2410 1094 2455 scio
1127 2409 1293 2455 iocaris
1323 2424 1448 2454 nunc
1477 2417 1552 2454 tu:
1587 2422 1694 2454 nam
1726 2407 1799 2452 ille
1831 2403 2019 2465 quidem
2048 2403 2175 2450 haud
2205 2404 2339 2459 [ede-

1007 2496 1011 2499 ·
1773 2484 1871 2543 pol]
1905 2490 2053 2541 negat.

281 2563 425 2609 Antea
449 2558 619 2607 ‘credo'
649 2560 853 2622 dixerat,
895 2563 1022 2609 nunc
1043 2559 1165 2610 ‘scio’
1198 2565 1285 2625 ait,
1318 2560 1460 2609 ‘haud
1497 2562 1641 2623 negat‘
1682 2559 1858 2605 dixerat
1902 2559 2196 2619 simpliciter,
2240 2557 2337 2619 quo

282 2641 442 2685 fortius
475 2647 520 2683 et
552 2637 770 2684 audacius
786 2647 865 2684 est
889 2636 1032 2688 ‘haud
1063 2640 1231 2702 edepol
1258 2634 1417 2701 negat',
1447 2639 1655 2684 similiter
1684 2646 1823 2697 atque
1855 2651 1896 2679 v.
1933 2637 1990 2681 39
2026 2644 2338 2679 asseveranter

281 2717 435 2779 ‘nugas
446 2719 471 2775 ,’
503 2715 653 2775 inquit
677 2715 949 2777 ‘nunquam‘
968 2709 1137 2778 edepol
1174 2711 1326 2760 dabit‘.
1406 2716 1551 2774 Eique
1586 2711 1780 2772 ‘edepol'
1821 2713 2070 2771 particulae
2118 2721 2246 2772 grata
2294 2720 2338 2755 et

284 2796 446 2840 Plano
476 2788 640 2843 usitata
671 2793 992 2856 concinnitate
1012 2785 1330 2853 Theuropidis
1374 2807 1645 2853 responsum
1689 2791 1881 2836 refertur
1919 2786 2082 2836 ‘imme
2128 2789 2340 2850 edepol

285 2878 419 2933 negat
450 2860 684 2931 profecto'.
738 2892 769 2912 -.
842 2909 844 2911 .
888 2880 894 2911 t
1758 2920 1760 2922 ,
1888 2914 1890 2917 .

412 2946 625 3002 Ceterum>
656 2947 799 2992 miror
830 2961 929 2991 non
958 2948 1098 2992 etiam
1130 2949 1259 2994 Most.
1279 2948 1350 3007 lv,
1368 2953 1417 3007 Ω,
1441 2946 1505 2994 42
1524 2956 1571 2993 et
1589 2945 1653 2993 43
1688 2948 1737 2992 in
1773 2947 2048 3007 suspicionis
2079 2947 2341 2990 societatem

287 3025 451 3070 ascitos
482 3027 595 3084 esse,
626 3032 678 3069 ut
706 3025 757 3070 in
791 3026 957 3084 quibus
990 3026 1150 3085 exigua
1179 3028 1425 3072 verborum
1456 3010 1868 3071 varietate'eadem
1890 3024 2112 3070 sententia
2137 3023 2338 3066 iteretur.
