<?xml version="1.0" encoding="UTF-8"?>
<!DOCTYPE html PUBLIC "-//W3C//DTD XHTML 1.0 Transitional//EN"
    "http://www.w3.org/TR/xhtml1/DTD/xhtml1-transitional.dtd">
<html xmlns="http://www.w3.org/1999/xhtml" xml:lang="en" lang="en">
 <head>
  <title>
</title>
<meta http-equiv="Content-Type" content="text/html;charset=utf-8" />
  <meta name='ocr-system' content='tesseract 3.04.00' />
  <meta name='ocr-capabilities' content='ocr_page ocr_carea ocr_par ocr_line ocrx_word'/>
</head>
<body>
  <div class='ocr_page' id='page_1' title='image "4777354_0015.png"; bbox 0 0 2849 3591; ppageno 0'>
   <div class='ocr_carea' id='block_1_1' title="bbox 1177 202 1480 261">
    <p class='ocr_par' dir='ltr' id='par_1_1' title="bbox 1177 202 1480 261">
     <span class='ocr_line' id='line_1_1' title="bbox 1177 202 1480 261; baseline 0 -20"><span class='ocrx_word' id='word_1_1' title='bbox 1177 202 1346 261; x_wconf 67' lang='lat' dir='ltr'>...j7</span> <span class='ocrx_word' id='word_1_2' title='bbox 1422 223 1480 234; x_wconf 84' lang='lat'><strong>.-</strong></span> 
     </span>
    </p>
   </div>
   <div class='ocr_carea' id='block_1_2' title="bbox 250 319 2397 470">
    <p class='ocr_par' dir='ltr' id='par_1_2' title="bbox 250 319 2397 470">
     <span class='ocr_line' id='line_1_2' title="bbox 250 319 2353 385; baseline -0 -17"><span class='ocrx_word' id='word_1_3' title='bbox 250 337 252 339; x_wconf 74' lang='grc'>’</span> <span class='ocrx_word' id='word_1_4' title='bbox 313 324 343 368; x_wconf 84' lang='lat' dir='ltr'>k</span> <span class='ocrx_word' id='word_1_5' title='bbox 369 319 418 367; x_wconf 83' lang='lat' dir='ltr'><strong>et</strong></span> <span class='ocrx_word' id='word_1_6' title='bbox 449 322 463 367; x_wconf 92' lang='lat' dir='ltr'><strong>l</strong></span> <span class='ocrx_word' id='word_1_7' title='bbox 503 322 743 383; x_wconf 83' lang='lat' dir='ltr'><strong>perscripti</strong></span> <span class='ocrx_word' id='word_1_8' title='bbox 765 320 931 367; x_wconf 81' lang='lat' dir='ltr'><strong>fuerint</strong></span> <span class='ocrx_word' id='word_1_9' title='bbox 951 321 1041 366; x_wconf 77' lang='lat' dir='ltr'><strong>sex·</strong></span> <span class='ocrx_word' id='word_1_10' title='bbox 1063 328 1117 376; x_wconf 79' lang='lat' dir='ltr'><strong>et.</strong></span> <span class='ocrx_word' id='word_1_11' title='bbox 1143 325 1442 385; x_wconf 61' lang='lat' dir='ltr'><strong>septuaginta»</strong></span> <span class='ocrx_word' id='word_1_12' title='bbox 1487 324 1776 382; x_wconf 61' lang='lat' dir='ltr'><strong>Quibusgubi</strong></span> <span class='ocrx_word' id='word_1_13' title='bbox 1807 323 2040 372; x_wconf 76' lang='lat' dir='ltr'>addideris</span> <span class='ocrx_word' id='word_1_14' title='bbox 2069 324 2174 369; x_wconf 67' lang='lat' dir='ltr'><strong>illos</strong></span> <span class='ocrx_word' id='word_1_15' title='bbox 2204 323 2353 368; x_wconf 87' lang='lat' dir='ltr'><strong>unde-</strong></span> 
     </span>
     <span class='ocr_line' id='line_1_3' title="bbox 275 397 2397 470; baseline 0.001 -25"><span class='ocrx_word' id='word_1_16' title='bbox 275 400 277 402; x_wconf 77' lang='grc'><strong>’</strong></span> <span class='ocrx_word' id='word_1_17' title='bbox 316 400 486 461; x_wconf 76' lang='lat' dir='ltr'><strong>viginti,</strong></span> <span class='ocrx_word' id='word_1_18' title='bbox 518 397 717 461; x_wconf 81' lang='lat' dir='ltr'><strong>quorum</strong></span> <span class='ocrx_word' id='word_1_19' title='bbox 749 400 830 470; x_wconf 84' lang='lat' dir='ltr'><strong>qui</strong></span> <span class='ocrx_word' id='word_1_20' title='bbox 858 399 966 444; x_wconf 86' lang='lat' dir='ltr'><strong>finis</strong></span> <span class='ocrx_word' id='word_1_21' title='bbox 997 399 1055 444; x_wconf 85' lang='lat' dir='ltr'><strong>sit</strong></span> <span class='ocrx_word' id='word_1_22' title='bbox 1079 399 1128 444; x_wconf 90' lang='lat' dir='ltr'><strong>in</strong></span> <span class='ocrx_word' id='word_1_23' title='bbox 1154 402 1493 462; x_wconf 61' lang='lat' dir='ltr'><strong>omruptissima</strong></span> <span class='ocrx_word' id='word_1_24' title='bbox 1514 401 1690 463; x_wconf 24' lang='lat' dir='ltr'><strong>⁴‘pagi-na</strong></span> <span class='ocrx_word' id='word_1_25' title='bbox 1715 401 1853 448; x_wconf 78' lang='lat' dir='ltr'><strong>altera</strong></span> <span class='ocrx_word' id='word_1_26' title='bbox 1864 398 2067 456; x_wconf 69' lang='lat' dir='ltr'><strong>‘schedae</strong></span> <span class='ocrx_word' id='word_1_27' title='bbox 2094 401 2119 445; x_wconf 81' lang='lat' dir='ltr'>J</span> <span class='ocrx_word' id='word_1_28' title='bbox 2146 400 2356 463; x_wconf 78' lang='lat' dir='ltr'><strong>dignosci</strong></span> <span class='ocrx_word' id='word_1_29' title='bbox 2391 443 2397 449; x_wconf 84' lang='lat'>.</span> 
     </span>
    </p>
   </div>
   <div class='ocr_carea' id='block_1_3' title="bbox 309 471 2368 697">
    <p class='ocr_par' dir='ltr' id='par_1_3' title="bbox 309 471 2368 697">
     <span class='ocr_line' id='line_1_4' title="bbox 313 471 2354 544; baseline 0.001 -21"><span class='ocrx_word' id='word_1_30' title='bbox 313 479 488 539; x_wconf 83' lang='lat' dir='ltr'><strong>nequit,</strong></span> <span class='ocrx_word' id='word_1_31' title='bbox 517 471 715 537; x_wconf 76' lang='lat' dir='ltr'><strong>habebis</strong></span> <span class='ocrx_word' id='word_1_32' title='bbox 745 473 1259 538; x_wconf 70' lang='lat' dir='ltr'><strong>nonagintaquinque.·</strong></span> <span class='ocrx_word' id='word_1_33' title='bbox 1314 480 1364 525; x_wconf 81' lang='lat' dir='ltr'><strong>l&#39;n</strong></span> <span class='ocrx_word' id='word_1_34' title='bbox 1398 482 1540 544; x_wconf 68' lang='lat' dir='ltr'><strong>quen</strong></span> <span class='ocrx_word' id='word_1_35' title='bbox 1579 492 1827 540; x_wconf 68' lang='lat' dir='ltr'><strong>mmet-um</strong></span> <span class='ocrx_word' id='word_1_36' title='bbox 1858 478 1964 522; x_wconf 84' lang='lat' dir='ltr'><strong>satis</strong></span> <span class='ocrx_word' id='word_1_37' title='bbox 2000 481 2215 527; x_wconf 77' lang='lat' dir='ltr'><strong>convenit</strong></span> <span class='ocrx_word' id='word_1_38' title='bbox 2253 496 2354 525; x_wconf 81' lang='lat' dir='ltr'><strong>ver-</strong></span> 
     </span>
     <span class='ocr_line' id='line_1_5' title="bbox 309 549 2368 624; baseline -0.001 -23"><span class='ocrx_word' id='word_1_39' title='bbox 309 573 439 602; x_wconf 83' lang='lat' dir='ltr'><strong>suum</strong></span> <span class='ocrx_word' id='word_1_40' title='bbox 464 551 664 602; x_wconf 71' lang='lat' dir='ltr'><strong>ssumma‘</strong></span> <span class='ocrx_word' id='word_1_41' title='bbox 682 569 878 614; x_wconf 62' lang='lat' dir='ltr'><strong>eorum,</strong></span> <span class='ocrx_word' id='word_1_42' title='bbox 900 570 1019 615; x_wconf 82' lang='lat' dir='ltr'><strong>quos</strong></span> <span class='ocrx_word' id='word_1_43' title='bbox 1050 571 1217 619; x_wconf 7' lang='lat' dir='ltr'><strong>ebvero</strong></span> <span class='ocrx_word' id='word_1_44' title='bbox 1249 571 1487 605; x_wconf 82' lang='lat' dir='ltr'>scenarum</span> <span class='ocrx_word' id='word_1_45' title='bbox 1523 556 1688 607; x_wconf 81' lang='lat' dir='ltr'>ordine</span> <span class='ocrx_word' id='word_1_46' title='bbox 1717 557 1811 614; x_wconf 84' lang='lat' dir='ltr'><strong>hoc</strong></span> <span class='ocrx_word' id='word_1_47' title='bbox 1843 556 2196 624; x_wconf 81' lang='lat' dir='ltr'><strong>computaveris:</strong></span> <span class='ocrx_word' id='word_1_48' title='bbox 2241 569 2244 572; x_wconf 66' lang='grc'>’</span> <span class='ocrx_word' id='word_1_49' title='bbox 2364 549 2368 552; x_wconf 64' lang='grc'>’</span> 
     </span>
     <span class='ocr_line' id='line_1_6' title="bbox 867 630 1788 697; baseline 0.004 -20"><span class='ocrx_word' id='word_1_50' title='bbox 867 632 924 678; x_wconf 86' lang='lat' dir='ltr'><strong>ab</strong></span> <span class='ocrx_word' id='word_1_51' title='bbox 956 630 1029 691; x_wconf 84' lang='lat'><strong>111,</strong></span> <span class='ocrx_word' id='word_1_52' title='bbox 1062 636 1106 691; x_wconf 74' lang='lat'><strong>23</strong></span> <span class='ocrx_word' id='word_1_53' title='bbox 1138 634 1225 680; x_wconf 85' lang='lat'><strong>156</strong></span> <span class='ocrx_word' id='word_1_54' title='bbox 1261 633 1319 697; x_wconf 82' lang='lat' dir='ltr'><strong>ad</strong></span> <span class='ocrx_word' id='word_1_55' title='bbox 1354 637 1441 683; x_wconf 88' lang='lat'><strong>170</strong></span> <span class='ocrx_word' id='word_1_56' title='bbox 1508 694 1510 697; x_wconf 22' lang='grc' dir='ltr'>Ι</span> <span class='ocrx_word' id='word_1_57' title='bbox 1545 650 1698 683; x_wconf 76' lang='lat' dir='ltr'><strong>versus</strong></span> <span class='ocrx_word' id='word_1_58' title='bbox 1733 635 1788 681; x_wconf 79' lang='lat'><strong>15</strong></span> 
     </span>
    </p>
   </div>
   <div class='ocr_carea' id='block_1_4' title="bbox 1667 1006 1819 1015">
    <p class='ocr_par' dir='ltr' id='par_1_4' title="bbox 1667 1006 1819 1015">
     <span class='ocr_line' id='line_1_7' title="bbox 1667 1006 1819 1015; baseline 0 2576"><span class='ocrx_word' id='word_1_59' title='bbox 1667 1006 1819 1015; x_wconf 95' lang='lat' dir='ltr'><strong> </strong></span> 
     </span>
    </p>
   </div>
   <div class='ocr_carea' id='block_1_5' title="bbox 312 710 1822 1066">
    <p class='ocr_par' dir='ltr' id='par_1_5' title="bbox 312 710 1822 1066">
     <span class='ocr_line' id='line_1_8' title="bbox 861 710 1822 771; baseline 0.011 -17"><span class='ocrx_word' id='word_1_60' title='bbox 861 711 1020 771; x_wconf 20' lang='lat' dir='ltr'><strong>abffilv,</strong></span> <span class='ocrx_word' id='word_1_61' title='bbox 1053 717 1148 771; x_wconf 82' lang='lat'><strong>1·,·1</strong></span> <span class='ocrx_word' id='word_1_62' title='bbox 1184 710 1244 756; x_wconf 81' lang='lat' dir='ltr'><strong>ad</strong></span> <span class='ocrx_word' id='word_1_63' title='bbox 1276 715 1333 757; x_wconf 84' lang='lat'><strong>27</strong></span> <span class='ocrx_word' id='word_1_64' title='bbox 1468 734 1469 737; x_wconf 14' lang='grc' dir='ltr'>η</span> <span class='ocrx_word' id='word_1_65' title='bbox 1529 735 1532 737; x_wconf 89' lang='grc'>-</span> <span class='ocrx_word' id='word_1_66' title='bbox 1720 714 1787 759; x_wconf 74' lang='lat'><strong>&#39;29</strong></span> <span class='ocrx_word' id='word_1_67' title='bbox 1821 746 1822 749; x_wconf 55' lang='lat'><em>=</em></span> 
     </span>
     <span class='ocr_line' id='line_1_9' title="bbox 312 788 1782 853; baseline 0.016 -23"><span class='ocrx_word' id='word_1_68' title='bbox 312 788 529 848; x_wconf 89' lang='lat' dir='ltr'><strong>nulloque</strong></span> <span class='ocrx_word' id='word_1_69' title='bbox 561 789 792 835; x_wconf 83' lang='lat' dir='ltr'><strong>intervallo</strong></span> <span class='ocrx_word' id='word_1_70' title='bbox 1141 803 1144 806; x_wconf 82' lang='grc'><strong>“</strong></span> <span class='ocrx_word' id='word_1_71' title='bbox 1220 846 1223 848; x_wconf 61' lang='grc'><strong>,</strong></span> <span class='ocrx_word' id='word_1_72' title='bbox 1779 849 1782 853; x_wconf 79' lang='grc'>,</span> 
     </span>
     <span class='ocr_line' id='line_1_10' title="bbox 868 868 1785 926; baseline 0.003 -15"><span class='ocrx_word' id='word_1_73' title='bbox 868 870 926 911; x_wconf 77' lang='lat' dir='ltr'><strong>ab</strong></span> <span class='ocrx_word' id='word_1_74' title='bbox 959 869 1029 926; x_wconf 82' lang='lat' dir='ltr'><strong>lv,</strong></span> <span class='ocrx_word' id='word_1_75' title='bbox 1061 872 1104 925; x_wconf 63' lang='grc' dir='ltr'><strong>ρ,</strong></span> <span class='ocrx_word' id='word_1_76' title='bbox 1142 872 1161 909; x_wconf 91' lang='lat'>1</span> <span class='ocrx_word' id='word_1_77' title='bbox 1199 868 1257 910; x_wconf 79' lang='lat' dir='ltr'><strong>ad</strong></span> <span class='ocrx_word' id='word_1_78' title='bbox 1290 871 1348 913; x_wconf 76' lang='lat'><strong>23</strong></span> <span class='ocrx_word' id='word_1_79' title='bbox 1632 869 1634 871; x_wconf 86' lang='grc'><em>·</em></span> <span class='ocrx_word' id='word_1_80' title='bbox 1728 873 1785 914; x_wconf 78' lang='lat'><strong>23</strong></span> 
     </span>
     <span class='ocr_line' id='line_1_11' title="bbox 871 944 1785 1003; baseline 0.005 -13"><span class='ocrx_word' id='word_1_81' title='bbox 871 948 926 990; x_wconf 91' lang='lat' dir='ltr'><strong>ab</strong></span> <span class='ocrx_word' id='word_1_82' title='bbox 963 946 1035 1003; x_wconf 82' lang='grc' dir='ltr'>ΙΙΙ,</span> <span class='ocrx_word' id='word_1_83' title='bbox 1072 949 1116 1002; x_wconf 83' lang='grc'><strong>3,</strong></span> <span class='ocrx_word' id='word_1_84' title='bbox 1153 952 1172 988; x_wconf 84' lang='grc'>1</span> <span class='ocrx_word' id='word_1_85' title='bbox 1211 944 1271 988; x_wconf 90' lang='lat' dir='ltr'><strong>ad</strong></span> <span class='ocrx_word' id='word_1_86' title='bbox 1301 946 1357 1003; x_wconf 79' lang='lat'><strong>19</strong></span> <span class='ocrx_word' id='word_1_87' title='bbox 1730 952 1785 990; x_wconf 69' lang='lat'><strong>‘21</strong></span> 
     </span>
     <span class='ocr_line' id='line_1_12' title="bbox 1726 1025 1786 1066; baseline 0.017 -1"><span class='ocrx_word' id='word_1_88' title='bbox 1726 1025 1786 1066; x_wconf 87' lang='grc'><strong>88</strong></span> 
     </span>
    </p>
   </div>
   <div class='ocr_carea' id='block_1_6' title="bbox 310 1099 2356 1781">
    <p class='ocr_par' dir='ltr' id='par_1_6' title="bbox 310 1099 2356 1781">
     <span class='ocr_line' id='line_1_13' title="bbox 311 1099 2351 1170; baseline 0.003 -23"><span class='ocrx_word' id='word_1_89' title='bbox 311 1100 555 1148; x_wconf 80' lang='lat' dir='ltr'><strong>Sciendum</strong></span> <span class='ocrx_word' id='word_1_90' title='bbox 600 1109 665 1146; x_wconf 89' lang='lat' dir='ltr'><strong>est</strong></span> <span class='ocrx_word' id='word_1_91' title='bbox 711 1103 832 1147; x_wconf 88' lang='lat' dir='ltr'><strong>enim</strong></span> <span class='ocrx_word' id='word_1_92' title='bbox 881 1102 998 1147; x_wconf 86' lang='lat' dir='ltr'><strong>inter</strong></span> <span class='ocrx_word' id='word_1_93' title='bbox 1032 1101 1234 1166; x_wconf 21' lang='lat' dir='ltr'><strong>singu-las</strong></span> <span class='ocrx_word' id='word_1_94' title='bbox 1280 1114 1437 1146; x_wconf 82' lang='lat' dir='ltr'><strong>scenas</strong></span> <span class='ocrx_word' id='word_1_95' title='bbox 1482 1099 1544 1143; x_wconf 73' lang='lat' dir='ltr'><strong>in&#39;</strong></span> <span class='ocrx_word' id='word_1_96' title='bbox 1572 1100 1884 1143; x_wconf 70' lang='lat' dir='ltr'><strong>Ambrosiam·</strong></span> <span class='ocrx_word' id='word_1_97' title='bbox 1920 1102 2133 1148; x_wconf 80' lang='lat' dir='ltr'><strong>binorum</strong></span> <span class='ocrx_word' id='word_1_98' title='bbox 2174 1108 2351 1170; x_wconf 85' lang='lat' dir='ltr'><strong>ubique</strong></span> 
     </span>
     <span class='ocr_line' id='line_1_14' title="bbox 311 1178 2354 1241; baseline 0 -17"><span class='ocrx_word' id='word_1_99' title='bbox 311 1195 519 1226; x_wconf 86' lang='lat' dir='ltr'><strong>versuum</strong></span> <span class='ocrx_word' id='word_1_100' title='bbox 551 1180 692 1241; x_wconf 86' lang='lat' dir='ltr'><strong>spatia</strong></span> <span class='ocrx_word' id='word_1_101' title='bbox 726 1178 1021 1238; x_wconf 75' lang='lat' dir='ltr'><strong>intercedere,</strong></span> <span class='ocrx_word' id='word_1_102' title='bbox 1055 1194 1252 1240; x_wconf 87' lang='lat' dir='ltr'><strong>quorum</strong></span> <span class='ocrx_word' id='word_1_103' title='bbox 1287 1178 1689 1240; x_wconf 61' lang='lat' dir='ltr'><strong>alterumfvacuum</strong></span> <span class='ocrx_word' id='word_1_104' title='bbox 1723 1187 1811 1236; x_wconf 88' lang='lat' dir='ltr'><strong>est,</strong></span> <span class='ocrx_word' id='word_1_105' title='bbox 1836 1194 2138 1240; x_wconf 86' lang='lat' dir='ltr'><strong>personarum</strong></span> <span class='ocrx_word' id='word_1_106' title='bbox 2167 1187 2354 1229; x_wconf 77' lang='lat' dir='ltr'><strong>nomina</strong></span> 
     </span>
     <span class='ocr_line' id='line_1_15' title="bbox 311 1257 2353 1322; baseline 0.001 -20"><span class='ocrx_word' id='word_1_107' title='bbox 311 1266 434 1303; x_wconf 90' lang='lat' dir='ltr'><strong>tenet</strong></span> <span class='ocrx_word' id='word_1_108' title='bbox 470 1258 671 1305; x_wconf 85' lang='lat' dir='ltr'><strong>alterum.</strong></span> <span class='ocrx_word' id='word_1_109' title='bbox 736 1257 914 1315; x_wconf 88' lang='lat' dir='ltr'><strong>Quodsi</strong></span> <span class='ocrx_word' id='word_1_110' title='bbox 947 1258 1033 1302; x_wconf 87' lang='lat' dir='ltr'><strong>hac</strong></span> <span class='ocrx_word' id='word_1_111' title='bbox 1061 1258 1237 1308; x_wconf 81' lang='lat' dir='ltr'><strong>ratione</strong></span> <span class='ocrx_word' id='word_1_112' title='bbox 1270 1257 1427 1305; x_wconf 84' lang='lat' dir='ltr'><strong>deesse</strong></span> <span class='ocrx_word' id='word_1_113' title='bbox 1459 1264 1632 1319; x_wconf 83' lang='lat' dir='ltr'><strong>septem</strong></span> <span class='ocrx_word' id='word_1_114' title='bbox 1670 1272 1821 1302; x_wconf 83' lang='lat' dir='ltr'><strong>versus</strong></span> <span class='ocrx_word' id='word_1_115' title='bbox 1852 1258 2090 1320; x_wconf 79' lang='lat' dir='ltr'><strong>videntur,</strong></span> <span class='ocrx_word' id='word_1_116' title='bbox 2127 1276 2245 1322; x_wconf 90' lang='lat' dir='ltr'><strong>quos</strong></span> <span class='ocrx_word' id='word_1_117' title='bbox 2278 1276 2353 1303; x_wconf 86' lang='lat' dir='ltr'><strong>ex-</strong></span> 
     </span>
     <span class='ocr_line' id='line_1_16' title="bbox 311 1333 2356 1395; baseline 0.001 -16"><span class='ocrx_word' id='word_1_118' title='bbox 311 1334 471 1380; x_wconf 87' lang='lat' dir='ltr'><strong>cidisse</strong></span> <span class='ocrx_word' id='word_1_119' title='bbox 504 1335 552 1380; x_wconf 88' lang='lat' dir='ltr'><strong>in</strong></span> <span class='ocrx_word' id='word_1_120' title='bbox 583 1334 798 1380; x_wconf 78' lang='lat' dir='ltr'><strong>Palatinis</strong></span> <span class='ocrx_word' id='word_1_121' title='bbox 830 1334 1081 1394; x_wconf 88' lang='lat' dir='ltr'><strong>ceterisque</strong></span> <span class='ocrx_word' id='word_1_122' title='bbox 1123 1333 1360 1378; x_wconf 87' lang='lat' dir='ltr'><strong>codicibus</strong></span> <span class='ocrx_word' id='word_1_123' title='bbox 1404 1334 1684 1380; x_wconf 87' lang='lat' dir='ltr'><strong>credendum</strong></span> <span class='ocrx_word' id='word_1_124' title='bbox 1728 1338 1817 1395; x_wconf 86' lang='lat' dir='ltr'><strong>sit,</strong></span> <span class='ocrx_word' id='word_1_125' title='bbox 1859 1345 1909 1381; x_wconf 89' lang='lat' dir='ltr'><strong>ut</strong></span> <span class='ocrx_word' id='word_1_126' title='bbox 1953 1339 2067 1382; x_wconf 83' lang='lat' dir='ltr'><strong>ratio</strong></span> <span class='ocrx_word' id='word_1_127' title='bbox 2111 1340 2356 1383; x_wconf 85' lang='lat' dir='ltr'><strong>conveniat</strong></span> 
     </span>
     <span class='ocr_line' id='line_1_17' title="bbox 313 1411 2354 1472; baseline 0.001 -15"><span class='ocrx_word' id='word_1_128' title='bbox 313 1421 486 1457; x_wconf 86' lang='lat' dir='ltr'><strong>nostra:</strong></span> <span class='ocrx_word' id='word_1_129' title='bbox 520 1413 660 1456; x_wconf 86' lang='lat' dir='ltr'><strong>habet</strong></span> <span class='ocrx_word' id='word_1_130' title='bbox 690 1411 880 1472; x_wconf 86' lang='lat' dir='ltr'><strong>quidem</strong></span> <span class='ocrx_word' id='word_1_131' title='bbox 917 1412 1178 1470; x_wconf 85' lang='lat' dir='ltr'><strong>hoc-genus</strong></span> <span class='ocrx_word' id='word_1_132' title='bbox 1213 1411 1520 1455; x_wconf 88' lang='lat' dir='ltr'><strong>concludendi</strong></span> <span class='ocrx_word' id='word_1_133' title='bbox 1554 1414 1863 1457; x_wconf 86' lang='lat' dir='ltr'><strong>necessitatem</strong></span> <span class='ocrx_word' id='word_1_134' title='bbox 1898 1415 1949 1456; x_wconf 85' lang='lat' dir='ltr'><strong>in</strong></span> <span class='ocrx_word' id='word_1_135' title='bbox 1982 1415 2189 1459; x_wconf 86' lang='lat' dir='ltr'><strong>iambicis</strong></span> <span class='ocrx_word' id='word_1_136' title='bbox 2221 1415 2354 1461; x_wconf 84' lang='lat' dir='ltr'><strong>sena-</strong></span> 
     </span>
     <span class='ocr_line' id='line_1_18' title="bbox 311 1479 2353 1551; baseline 0.001 -17"><span class='ocrx_word' id='word_1_137' title='bbox 311 1490 412 1546; x_wconf 86' lang='lat' dir='ltr'><strong>riis,</strong></span> <span class='ocrx_word' id='word_1_138' title='bbox 445 1489 494 1533; x_wconf 89' lang='lat' dir='ltr'><strong>in</strong></span> <span class='ocrx_word' id='word_1_139' title='bbox 528 1489 694 1550; x_wconf 85' lang='lat' dir='ltr'><strong>quibus</strong></span> <span class='ocrx_word' id='word_1_140' title='bbox 726 1488 1020 1534; x_wconf 88' lang='lat' dir='ltr'><strong>metricorum</strong></span> <span class='ocrx_word' id='word_1_141' title='bbox 1053 1502 1263 1532; x_wconf 82' lang='lat' dir='ltr'><strong>versuum</strong></span> <span class='ocrx_word' id='word_1_142' title='bbox 1299 1503 1539 1538; x_wconf 86' lang='lat' dir='ltr'><strong>numerum</strong></span> <span class='ocrx_word' id='word_1_143' title='bbox 1587 1504 1823 1549; x_wconf 88' lang='lat' dir='ltr'><strong>nunquam</strong></span> <span class='ocrx_word' id='word_1_144' title='bbox 1866 1479 1960 1534; x_wconf 89' lang='lat' dir='ltr'><strong>non</strong></span> <span class='ocrx_word' id='word_1_145' title='bbox 2002 1501 2199 1551; x_wconf 89' lang='lat' dir='ltr'><strong>aequant</strong></span> <span class='ocrx_word' id='word_1_146' title='bbox 2240 1494 2353 1535; x_wconf 92' lang='lat' dir='ltr'><strong>scri-</strong></span> 
     </span>
     <span class='ocr_line' id='line_1_19' title="bbox 310 1565 2354 1629; baseline 0 -18"><span class='ocrx_word' id='word_1_147' title='bbox 310 1576 470 1626; x_wconf 88' lang='lat' dir='ltr'><strong>pturae</strong></span> <span class='ocrx_word' id='word_1_148' title='bbox 501 1582 679 1624; x_wconf 80' lang='lat' dir='ltr'><strong>versus,</strong></span> <span class='ocrx_word' id='word_1_149' title='bbox 711 1582 809 1619; x_wconf 89' lang='lat' dir='ltr'><strong>non</strong></span> <span class='ocrx_word' id='word_1_150' title='bbox 842 1565 982 1610; x_wconf 88' lang='lat' dir='ltr'><strong>habet</strong></span> <span class='ocrx_word' id='word_1_151' title='bbox 1017 1565 1067 1609; x_wconf 89' lang='lat' dir='ltr'><strong>iu</strong></span> <span class='ocrx_word' id='word_1_152' title='bbox 1100 1565 1345 1611; x_wconf 84' lang='lat' dir='ltr'><strong>trochaicis</strong></span> <span class='ocrx_word' id='word_1_153' title='bbox 1377 1567 1630 1626; x_wconf 89' lang='lat' dir='ltr'><strong>ceterisque</strong></span> <span class='ocrx_word' id='word_1_154' title='bbox 1660 1568 1959 1626; x_wconf 84' lang='lat' dir='ltr'><strong>tetrametris,</strong></span> <span class='ocrx_word' id='word_1_155' title='bbox 1994 1577 2045 1612; x_wconf 88' lang='lat' dir='ltr'><strong>ut</strong></span> <span class='ocrx_word' id='word_1_156' title='bbox 2089 1570 2169 1629; x_wconf 89' lang='lat' dir='ltr'><strong>qui</strong></span> <span class='ocrx_word' id='word_1_157' title='bbox 2202 1584 2354 1613; x_wconf 67' lang='lat' dir='ltr'><strong>versus</strong></span> 
     </span>
     <span class='ocr_line' id='line_1_20' title="bbox 312 1630 2351 1705; baseline 0 -16"><span class='ocrx_word' id='word_1_158' title='bbox 312 1645 717 1704; x_wconf 13' lang='lat' dir='ltr'><strong>propterssnimiam</strong></span> <span class='ocrx_word' id='word_1_159' title='bbox 748 1630 1076 1703; x_wconf 82' lang='lat' dir='ltr'><strong>longitudinem</strong></span> <span class='ocrx_word' id='word_1_160' title='bbox 1112 1659 1207 1687; x_wconf 91' lang='lat' dir='ltr'><strong>non</strong></span> <span class='ocrx_word' id='word_1_161' title='bbox 1240 1659 1342 1702; x_wconf 88' lang='lat' dir='ltr'><strong>raro</strong></span> <span class='ocrx_word' id='word_1_162' title='bbox 1377 1644 1786 1705; x_wconf 81' lang='lat' dir='ltr'><strong>binisscripturae</strong></span> <span class='ocrx_word' id='word_1_163' title='bbox 1825 1646 2025 1690; x_wconf 86' lang='lat' dir='ltr'><strong>versibus</strong></span> <span class='ocrx_word' id='word_1_164' title='bbox 2061 1647 2351 1689; x_wconf 86' lang='lat' dir='ltr'><strong>Ambrosiani</strong></span> 
     </span>
     <span class='ocr_line' id='line_1_21' title="bbox 315 1720 1233 1781; baseline -0.003 -15"><span class='ocrx_word' id='word_1_165' title='bbox 315 1722 484 1767; x_wconf 82' lang='lat' dir='ltr'><strong>codicis</strong></span> <span class='ocrx_word' id='word_1_166' title='bbox 517 1722 700 1767; x_wconf 77' lang='lat' dir='ltr'><strong>librario</strong></span> <span class='ocrx_word' id='word_1_167' title='bbox 737 1720 1021 1781; x_wconf 79' lang='lat' dir='ltr'><strong>dispe-scendi</strong></span> <span class='ocrx_word' id='word_1_168' title='bbox 1053 1720 1233 1765; x_wconf 79' lang='lat' dir='ltr'><strong>fuerint.</strong></span> 
     </span>
    </p>
   </div>
   <div class='ocr_carea' id='block_1_7' title="bbox 1267 1859 1388 1905">
    <p class='ocr_par' dir='ltr' id='par_1_7' title="bbox 1267 1859 1388 1905">
     <span class='ocr_line' id='line_1_22' title="bbox 1267 1859 1388 1905; baseline -0.066 0"><span class='ocrx_word' id='word_1_169' title='bbox 1267 1861 1303 1905; x_wconf 79' lang='lat'><strong>§-</strong></span> <span class='ocrx_word' id='word_1_170' title='bbox 1346 1859 1388 1900; x_wconf 87' lang='lat'><strong>3.</strong></span> 
     </span>
    </p>
   </div>
   <div class='ocr_carea' id='block_1_8' title="bbox 309 1952 2347 3102">
    <p class='ocr_par' dir='ltr' id='par_1_8' title="bbox 309 1952 2347 3102">
     <span class='ocr_line' id='line_1_23' title="bbox 432 1952 2347 2018; baseline 0.001 -17"><span class='ocrx_word' id='word_1_171' title='bbox 432 1957 607 2014; x_wconf 84' lang='lat' dir='ltr'><strong>Ergone</strong></span> <span class='ocrx_word' id='word_1_172' title='bbox 640 1956 743 1999; x_wconf 85' lang='lat' dir='ltr'><strong>satis</strong></span> <span class='ocrx_word' id='word_1_173' title='bbox 776 1971 898 1999; x_wconf 88' lang='lat' dir='ltr'><strong>nunc</strong></span> <span class='ocrx_word' id='word_1_174' title='bbox 932 1956 1085 1998; x_wconf 82' lang='lat' dir='ltr'><strong>omnia</strong></span> <span class='ocrx_word' id='word_1_175' title='bbox 1118 1955 1326 2015; x_wconf 82' lang='lat' dir='ltr'><strong>expedita</strong></span> <span class='ocrx_word' id='word_1_176' title='bbox 1358 1964 1460 1999; x_wconf 79' lang='lat' dir='ltr'><strong>sunt</strong></span> <span class='ocrx_word' id='word_1_177' title='bbox 1504 1952 1709 2017; x_wconf 78' lang='lat' dir='ltr'><strong>nullique</strong></span> <span class='ocrx_word' id='word_1_178' title='bbox 1751 1958 1840 2005; x_wconf 81' lang='lat' dir='ltr'><strong>iam</strong></span> <span class='ocrx_word' id='word_1_179' title='bbox 1882 1958 2160 2018; x_wconf 80' lang='lat' dir='ltr'><strong>dubitationi</strong></span> <span class='ocrx_word' id='word_1_180' title='bbox 2195 1959 2347 2002; x_wconf 87' lang='lat' dir='ltr'><strong>obuo-</strong></span> 
     </span>
     <span class='ocr_line' id='line_1_24' title="bbox 310 2021 2342 2093; baseline 0 -16"><span class='ocrx_word' id='word_1_181' title='bbox 310 2034 413 2077; x_wconf 70' lang='lat' dir='ltr'><strong>xia?</strong></span> <span class='ocrx_word' id='word_1_182' title='bbox 476 2034 584 2078; x_wconf 83' lang='lat' dir='ltr'><strong>Non·</strong></span> <span class='ocrx_word' id='word_1_183' title='bbox 610 2035 670 2077; x_wconf 91' lang='lat' dir='ltr'><strong>ita</strong></span> <span class='ocrx_word' id='word_1_184' title='bbox 706 2050 828 2078; x_wconf 89' lang='lat' dir='ltr'><strong>vero.</strong></span> <span class='ocrx_word' id='word_1_185' title='bbox 894 2035 1134 2078; x_wconf 83' lang='lat' dir='ltr'><strong>Remotum</strong></span> <span class='ocrx_word' id='word_1_186' title='bbox 1169 2021 1234 2082; x_wconf 84' lang='lat' dir='ltr'><strong>est</strong></span> <span class='ocrx_word' id='word_1_187' title='bbox 1259 2050 1372 2078; x_wconf 82' lang='lat' dir='ltr'><strong>sane.</strong></span> <span class='ocrx_word' id='word_1_188' title='bbox 1399 2034 1510 2079; x_wconf 89' lang='lat' dir='ltr'><strong>illud</strong></span> <span class='ocrx_word' id='word_1_189' title='bbox 1544 2034 1909 2091; x_wconf 87' lang='lat' dir='ltr'><strong>incommodum,</strong></span> <span class='ocrx_word' id='word_1_190' title='bbox 1942 2035 2071 2093; x_wconf 91' lang='lat' dir='ltr'><strong>quod</strong></span> <span class='ocrx_word' id='word_1_191' title='bbox 2096 2036 2342 2079; x_wconf 77' lang='lat' dir='ltr'><strong>secundum</strong></span> 
     </span>
     <span class='ocr_line' id='line_1_25' title="bbox 312 2112 2346 2174; baseline 0 -19"><span class='ocrx_word' id='word_1_192' title='bbox 312 2112 580 2157; x_wconf 80' lang='lat' dir='ltr'><strong>tralaticium</strong></span> <span class='ocrx_word' id='word_1_193' title='bbox 614 2128 850 2158; x_wconf 90' lang='lat' dir='ltr'><strong>scenarum</strong></span> <span class='ocrx_word' id='word_1_194' title='bbox 892 2112 1099 2157; x_wconf 91' lang='lat' dir='ltr'><strong>ordinem</strong></span> <span class='ocrx_word' id='word_1_195' title='bbox 1136 2129 1216 2173; x_wconf 90' lang='lat' dir='ltr'><strong>per</strong></span> <span class='ocrx_word' id='word_1_196' title='bbox 1246 2114 1558 2174; x_wconf 87' lang='lat' dir='ltr'><strong>longissimum</strong></span> <span class='ocrx_word' id='word_1_197' title='bbox 1589 2112 1810 2172; x_wconf 86' lang='lat' dir='ltr'><strong>temporis</strong></span> <span class='ocrx_word' id='word_1_198' title='bbox 1844 2112 2039 2171; x_wconf 88' lang='lat' dir='ltr'><strong>spatium</strong></span> <span class='ocrx_word' id='word_1_199' title='bbox 2084 2127 2171 2156; x_wconf 89' lang='lat' dir='ltr'><strong>nec</strong></span> <span class='ocrx_word' id='word_1_200' title='bbox 2212 2118 2346 2173; x_wconf 82' lang='lat' dir='ltr'><strong>agens</strong></span> 
     </span>
     <span class='ocr_line' id='line_1_26' title="bbox 310 2189 2345 2251; baseline 0 -19"><span class='ocrx_word' id='word_1_201' title='bbox 310 2189 556 2249; x_wconf 85' lang='lat' dir='ltr'><strong>quicquam</strong></span> <span class='ocrx_word' id='word_1_202' title='bbox 591 2205 674 2233; x_wconf 87' lang='lat' dir='ltr'><strong>nec</strong></span> <span class='ocrx_word' id='word_1_203' title='bbox 707 2189 896 2234; x_wconf 88' lang='lat' dir='ltr'><strong>audiens</strong></span> <span class='ocrx_word' id='word_1_204' title='bbox 928 2191 1283 2251; x_wconf 86' lang='lat' dir='ltr'><strong>conspiciensve,</strong></span> <span class='ocrx_word' id='word_1_205' title='bbox 1316 2206 1401 2236; x_wconf 92' lang='lat' dir='ltr'><strong>nec</strong></span> <span class='ocrx_word' id='word_1_206' title='bbox 1426 2199 1694 2251; x_wconf 89' lang='lat' dir='ltr'><strong>conspectus</strong></span> <span class='ocrx_word' id='word_1_207' title='bbox 1718 2205 1743 2234; x_wconf 90' lang='lat' dir='ltr'><strong>a</strong></span> <span class='ocrx_word' id='word_1_208' title='bbox 1762 2190 2003 2246; x_wconf 85' lang='lat' dir='ltr'><strong>Phanisco,</strong></span> <span class='ocrx_word' id='word_1_209' title='bbox 2032 2189 2345 2249; x_wconf 87' lang='lat' dir='ltr'><strong>Theuropides</strong></span> 
     </span>
     <span class='ocr_line' id='line_1_27' title="bbox 309 2265 2341 2321; baseline 0 -12"><span class='ocrx_word' id='word_1_210' title='bbox 309 2274 446 2311; x_wconf 88' lang='lat' dir='ltr'><strong>astet:</strong></span> <span class='ocrx_word' id='word_1_211' title='bbox 478 2267 558 2311; x_wconf 93' lang='lat' dir='ltr'><strong>sed</strong></span> <span class='ocrx_word' id='word_1_212' title='bbox 589 2267 834 2312; x_wconf 68' lang='lat' dir='ltr'><strong>verendum</strong></span> <span class='ocrx_word' id='word_1_213' title='bbox 882 2284 940 2311; x_wconf 92' lang='lat' dir='ltr'><strong>ne</strong></span> <span class='ocrx_word' id='word_1_214' title='bbox 969 2268 1092 2312; x_wconf 88' lang='lat' dir='ltr'><strong>aliud</strong></span> <span class='ocrx_word' id='word_1_215' title='bbox 1125 2269 1186 2313; x_wconf 89' lang='lat' dir='ltr'><strong>ita</strong></span> <span class='ocrx_word' id='word_1_216' title='bbox 1215 2268 1562 2314; x_wconf 90' lang='lat' dir='ltr'><strong>incommodum</strong></span> <span class='ocrx_word' id='word_1_217' title='bbox 1596 2268 1875 2313; x_wconf 73' lang='lat' dir='ltr'><strong>succreverit.</strong></span> <span class='ocrx_word' id='word_1_218' title='bbox 1942 2265 2067 2321; x_wconf 84' lang='lat' dir='ltr'><strong>Quid</strong></span> <span class='ocrx_word' id='word_1_219' title='bbox 2101 2267 2220 2309; x_wconf 90' lang='lat' dir='ltr'><strong>enim</strong></span> <span class='ocrx_word' id='word_1_220' title='bbox 2251 2267 2341 2310; x_wconf 80' lang='lat' dir='ltr'><strong>iani</strong></span> 
     </span>
     <span class='ocr_line' id='line_1_28' title="bbox 310 2342 2342 2405; baseline -0 -18"><span class='ocrx_word' id='word_1_221' title='bbox 310 2359 440 2403; x_wconf 84' lang='lat' dir='ltr'><strong>agere</strong></span> <span class='ocrx_word' id='word_1_222' title='bbox 472 2346 744 2392; x_wconf 75' lang='lat' dir='ltr'><strong>phaniscum</strong></span> <span class='ocrx_word' id='word_1_223' title='bbox 776 2355 823 2393; x_wconf 68' lang='lat' dir='ltr'><strong>,et</strong></span> <span class='ocrx_word' id='word_1_224' title='bbox 856 2361 1121 2390; x_wconf 82' lang='lat' dir='ltr'><strong>conservum</strong></span> <span class='ocrx_word' id='word_1_225' title='bbox 1155 2348 1534 2404; x_wconf 84' lang='lat' dir='ltr'><strong>existimabimus,</strong></span> <span class='ocrx_word' id='word_1_226' title='bbox 1567 2345 1677 2390; x_wconf 90' lang='lat' dir='ltr'><strong>dum</strong></span> <span class='ocrx_word' id='word_1_227' title='bbox 1710 2360 1792 2405; x_wconf 87' lang='lat' dir='ltr'><strong>per</strong></span> <span class='ocrx_word' id='word_1_228' title='bbox 1823 2342 2159 2403; x_wconf 74' lang='lat' dir='ltr'><strong>duodetriginta</strong></span> <span class='ocrx_word' id='word_1_229' title='bbox 2191 2358 2342 2386; x_wconf 81' lang='lat' dir='ltr'><strong>versus</strong></span> 
     </span>
     <span class='ocr_line' id='line_1_29' title="bbox 314 2420 2342 2483; baseline -0.001 -20"><span class='ocrx_word' id='word_1_230' title='bbox 314 2421 402 2478; x_wconf 87' lang='lat' dir='ltr'><strong>(lll,</strong></span> <span class='ocrx_word' id='word_1_231' title='bbox 434 2424 477 2474; x_wconf 87' lang='lat'><strong>3)</strong></span> <span class='ocrx_word' id='word_1_232' title='bbox 509 2423 673 2466; x_wconf 80' lang='lat' dir='ltr'><strong>Tranio</strong></span> <span class='ocrx_word' id='word_1_233' title='bbox 708 2431 753 2466; x_wconf 88' lang='lat' dir='ltr'><strong>et</strong></span> <span class='ocrx_word' id='word_1_234' title='bbox 782 2423 1094 2483; x_wconf 88' lang='lat' dir='ltr'><strong>Theuropides</strong></span> <span class='ocrx_word' id='word_1_235' title='bbox 1127 2439 1151 2467; x_wconf 89' lang='lat' dir='ltr'><strong>e</strong></span> <span class='ocrx_word' id='word_1_236' title='bbox 1170 2424 1369 2467; x_wconf 87' lang='lat' dir='ltr'><strong>Simonis</strong></span> <span class='ocrx_word' id='word_1_237' title='bbox 1398 2424 1595 2470; x_wconf 79' lang='lat' dir='ltr'><strong>aedibus,</strong></span> <span class='ocrx_word' id='word_1_238' title='bbox 1618 2422 1805 2466; x_wconf 88' lang='lat' dir='ltr'><strong>reduces</strong></span> <span class='ocrx_word' id='word_1_239' title='bbox 1828 2421 2181 2479; x_wconf 72' lang='lat' dir='ltr'><strong>colloquuntur?</strong></span> <span class='ocrx_word' id='word_1_240' title='bbox 2244 2420 2342 2462; x_wconf 91' lang='lat' dir='ltr'><strong>Sci-</strong></span> 
     </span>
     <span class='ocr_line' id='line_1_30' title="bbox 316 2497 2340 2562; baseline -0.001 -20"><span class='ocrx_word' id='word_1_241' title='bbox 316 2499 421 2543; x_wconf 83' lang='lat' dir='ltr'><strong>licet</strong></span> <span class='ocrx_word' id='word_1_242' title='bbox 452 2497 754 2544; x_wconf 88' lang='lat' dir='ltr'><strong>Callidamatis</strong></span> <span class='ocrx_word' id='word_1_243' title='bbox 791 2501 960 2545; x_wconf 84' lang='lat' dir='ltr'><strong>exitum</strong></span> <span class='ocrx_word' id='word_1_244' title='bbox 994 2510 1252 2561; x_wconf 86' lang='lat' dir='ltr'><strong>exspectant</strong></span> <span class='ocrx_word' id='word_1_245' title='bbox 1281 2510 1328 2554; x_wconf 83' lang='lat' dir='ltr'><strong>et</strong></span> <span class='ocrx_word' id='word_1_246' title='bbox 1367 2498 1739 2562; x_wconf 72' lang='lat' dir='ltr'><strong>ecquis&#39;³tandem</strong></span> <span class='ocrx_word' id='word_1_247' title='bbox 1782 2500 1902 2542; x_wconf 93' lang='lat' dir='ltr'><strong>intus</strong></span> <span class='ocrx_word' id='word_1_248' title='bbox 1940 2499 1997 2541; x_wconf 86' lang='lat' dir='ltr'><strong>sit</strong></span> <span class='ocrx_word' id='word_1_249' title='bbox 2037 2497 2340 2558; x_wconf 87' lang='lat' dir='ltr'><strong>speculantur.</strong></span> 
     </span>
     <span class='ocr_line' id='line_1_31' title="bbox 312 2563 2343 2639; baseline 0 -21"><span class='ocrx_word' id='word_1_250' title='bbox 312 2575 474 2620; x_wconf 85' lang='lat' dir='ltr'><strong>Audio.</strong></span> <span class='ocrx_word' id='word_1_251' title='bbox 539 2576 806 2636; x_wconf 79' lang='lat' dir='ltr'><strong>Exspecten&#39;t</strong></span> <span class='ocrx_word' id='word_1_252' title='bbox 838 2578 972 2637; x_wconf 83' lang='lat' dir='ltr'><strong>igitur</strong></span> <span class='ocrx_word' id='word_1_253' title='bbox 1004 2587 1048 2622; x_wconf 83' lang='lat' dir='ltr'><strong>et</strong></span> <span class='ocrx_word' id='word_1_254' title='bbox 1079 2563 1382 2638; x_wconf 72' lang='lat' dir='ltr'><strong>speculentur:</strong></span> <span class='ocrx_word' id='word_1_255' title='bbox 1424 2592 1508 2639; x_wconf 88' lang='lat' dir='ltr'><strong>nec</strong></span> <span class='ocrx_word' id='word_1_256' title='bbox 1547 2577 1616 2620; x_wconf 87' lang='lat' dir='ltr'><strong>vel</strong></span> <span class='ocrx_word' id='word_1_257' title='bbox 1647 2577 1709 2620; x_wconf 90' lang='lat' dir='ltr'><strong>illi</strong></span> <span class='ocrx_word' id='word_1_258' title='bbox 1740 2576 2013 2620; x_wconf 86' lang='lat' dir='ltr'><strong>Tranionem</strong></span> <span class='ocrx_word' id='word_1_259' title='bbox 2058 2576 2343 2634; x_wconf 85' lang='lat' dir='ltr'><strong>conspiciant</strong></span> 
     </span>
     <span class='ocr_line' id='line_1_32' title="bbox 313 2652 2340 2717; baseline 0 -22"><span class='ocrx_word' id='word_1_260' title='bbox 313 2667 416 2697; x_wconf 87' lang='lat' dir='ltr'><strong>cum</strong></span> <span class='ocrx_word' id='word_1_261' title='bbox 437 2652 746 2713; x_wconf 67' lang='lat' dir='ltr'><strong>&#39;Thcuropi&#39;de</strong></span> <span class='ocrx_word' id='word_1_262' title='bbox 771 2663 1036 2714; x_wconf 86' lang='lat' dir='ltr'><strong>exeuntem,</strong></span> <span class='ocrx_word' id='word_1_263' title='bbox 1068 2672 1153 2701; x_wconf 91' lang='lat' dir='ltr'><strong>nec</strong></span> <span class='ocrx_word' id='word_1_264' title='bbox 1191 2656 1240 2701; x_wconf 89' lang='lat' dir='ltr'><strong>hi</strong></span> <span class='ocrx_word' id='word_1_265' title='bbox 1287 2656 1371 2717; x_wconf 88' lang='lat' dir='ltr'><strong>ipsi</strong></span> <span class='ocrx_word' id='word_1_266' title='bbox 1402 2671 1485 2717; x_wconf 87' lang='lat' dir='ltr'><strong>per</strong></span> <span class='ocrx_word' id='word_1_267' title='bbox 1514 2653 1754 2699; x_wconf 80' lang='lat' dir='ltr'><strong>maximam</strong></span> <span class='ocrx_word' id='word_1_268' title='bbox 1794 2662 1969 2713; x_wconf 85' lang='lat' dir='ltr'><strong>partem</strong></span> <span class='ocrx_word' id='word_1_269' title='bbox 2011 2653 2230 2711; x_wconf 84' lang='lat' dir='ltr'><strong>colloquii</strong></span> <span class='ocrx_word' id='word_1_270' title='bbox 2274 2654 2340 2696; x_wconf 85' lang='lat' dir='ltr'><strong>sui</strong></span> 
     </span>
     <span class='ocr_line' id='line_1_33' title="bbox 311 2729 2341 2797; baseline 0 -22"><span class='ocrx_word' id='word_1_271' title='bbox 311 2729 608 2797; x_wconf 84' lang='lat' dir='ltr'><strong>adversitores</strong></span> <span class='ocrx_word' id='word_1_272' title='bbox 640 2732 753 2777; x_wconf 90' lang='lat' dir='ltr'><strong>illos.</strong></span> <span class='ocrx_word' id='word_1_273' title='bbox 819 2733 882 2778; x_wconf 84' lang='lat' dir='ltr'><strong>Ac</strong></span> <span class='ocrx_word' id='word_1_274' title='bbox 925 2733 1227 2794; x_wconf 79' lang='lat' dir='ltr'><strong>reputandum</strong></span> <span class='ocrx_word' id='word_1_275' title='bbox 1272 2749 1404 2792; x_wconf 86' lang='lat' dir='ltr'><strong>sane,</strong></span> <span class='ocrx_word' id='word_1_276' title='bbox 1436 2733 1620 2779; x_wconf 82' lang='lat' dir='ltr'><strong>diversis</strong></span> <span class='ocrx_word' id='word_1_277' title='bbox 1661 2733 1707 2777; x_wconf 87' lang='lat' dir='ltr'><strong>in</strong></span> <span class='ocrx_word' id='word_1_278' title='bbox 1747 2733 1858 2776; x_wconf 90' lang='lat' dir='ltr'><strong>locis</strong></span> <span class='ocrx_word' id='word_1_279' title='bbox 1899 2741 2118 2791; x_wconf 73' lang='lat' dir='ltr'><strong>utrosque</strong></span> <span class='ocrx_word' id='word_1_280' title='bbox 2160 2733 2341 2789; x_wconf 83' lang='lat' dir='ltr'><strong>versari,</strong></span> 
     </span>
     <span class='ocr_line' id='line_1_34' title="bbox 312 2801 2335 2873; baseline 0 -22"><span class='ocrx_word' id='word_1_281' title='bbox 312 2816 416 2852; x_wconf 88' lang='lat' dir='ltr'><strong>ante</strong></span> <span class='ocrx_word' id='word_1_282' title='bbox 459 2801 760 2869; x_wconf 80' lang='lat' dir='ltr'><strong>Theuropidis</strong></span> <span class='ocrx_word' id='word_1_283' title='bbox 800 2811 934 2855; x_wconf 85' lang='lat' dir='ltr'><strong>aedes</strong></span> <span class='ocrx_word' id='word_1_284' title='bbox 979 2812 1276 2873; x_wconf 86' lang='lat' dir='ltr'><strong>adversitores</strong></span> <span class='ocrx_word' id='word_1_285' title='bbox 1308 2810 1636 2866; x_wconf 82' lang='lat' dir='ltr'><strong>CallidamatiS,</strong></span> <span class='ocrx_word' id='word_1_286' title='bbox 1673 2817 1776 2854; x_wconf 88' lang='lat' dir='ltr'><strong>ante</strong></span> <span class='ocrx_word' id='word_1_287' title='bbox 1811 2809 2011 2853; x_wconf 83' lang='lat' dir='ltr'><strong>Simonis</strong></span> <span class='ocrx_word' id='word_1_288' title='bbox 2055 2809 2191 2854; x_wconf 84' lang='lat' dir='ltr'><strong>aedes</strong></span> <span class='ocrx_word' id='word_1_289' title='bbox 2236 2826 2335 2854; x_wconf 90' lang='lat' dir='ltr'><strong>cum</strong></span> 
     </span>
     <span class='ocr_line' id='line_1_35' title="bbox 310 2884 2337 2947; baseline 0 -19"><span class='ocrx_word' id='word_1_290' title='bbox 310 2884 535 2929; x_wconf 85' lang='lat' dir='ltr'><strong>Tranione</strong></span> <span class='ocrx_word' id='word_1_291' title='bbox 566 2886 934 2947; x_wconf 66' lang='lat' dir='ltr'><strong>Theuropidem.&#39;</strong></span> <span class='ocrx_word' id='word_1_292' title='bbox 994 2890 1083 2934; x_wconf 90' lang='lat' dir='ltr'><strong>Nec</strong></span> <span class='ocrx_word' id='word_1_293' title='bbox 1116 2888 1354 2934; x_wconf 84' lang='lat' dir='ltr'><strong>offensioni</strong></span> <span class='ocrx_word' id='word_1_294' title='bbox 1385 2890 1491 2933; x_wconf 84' lang='lat' dir='ltr'><strong>talia</strong></span> <span class='ocrx_word' id='word_1_295' title='bbox 1530 2889 1692 2945; x_wconf 85' lang='lat' dir='ltr'><strong>fuisse,</strong></span> <span class='ocrx_word' id='word_1_296' title='bbox 1725 2903 1870 2947; x_wconf 88' lang='lat' dir='ltr'><strong>quae,</strong></span> <span class='ocrx_word' id='word_1_297' title='bbox 1910 2889 1946 2930; x_wconf 86' lang='lat' dir='ltr'><strong>si</strong></span> <span class='ocrx_word' id='word_1_298' title='bbox 1981 2903 2006 2931; x_wconf 92' lang='lat' dir='ltr'><strong>e</strong></span> <span class='ocrx_word' id='word_1_299' title='bbox 2047 2888 2113 2931; x_wconf 87' lang='lat' dir='ltr'><strong>rei</strong></span> <span class='ocrx_word' id='word_1_300' title='bbox 2155 2889 2337 2931; x_wconf 72' lang='lat' dir='ltr'><strong>veritate</strong></span> 
     </span>
     <span class='ocr_line' id='line_1_36' title="bbox 316 2964 2336 3025; baseline 0.001 -20"><span class='ocrx_word' id='word_1_301' title='bbox 316 2972 599 3021; x_wconf 86' lang='lat' dir='ltr'><strong>censeantur,</strong></span> <span class='ocrx_word' id='word_1_302' title='bbox 628 2982 785 3024; x_wconf 83' lang='lat' dir='ltr'><strong>parum</strong></span> <span class='ocrx_word' id='word_1_303' title='bbox 818 2967 1149 3025; x_wconf 83' lang='lat' dir='ltr'><strong>probabilitatis</strong></span> <span class='ocrx_word' id='word_1_304' title='bbox 1177 2969 1395 3024; x_wconf 85' lang='lat' dir='ltr'><strong>habeant,</strong></span> <span class='ocrx_word' id='word_1_305' title='bbox 1417 2968 1526 3011; x_wconf 85' lang='lat' dir='ltr'><strong>satis</strong></span> <span class='ocrx_word' id='word_1_306' title='bbox 1557 2978 1652 3010; x_wconf 88' lang='lat' dir='ltr'><strong>esse</strong></span> <span class='ocrx_word' id='word_1_307' title='bbox 1683 2965 1964 3009; x_wconf 86' lang='lat' dir='ltr'><strong>documento</strong></span> <span class='ocrx_word' id='word_1_308' title='bbox 1998 2965 2112 3009; x_wconf 83' lang='lat' dir='ltr'><strong>haec</strong></span> <span class='ocrx_word' id='word_1_309' title='bbox 2152 2980 2238 3007; x_wconf 87' lang='lat' dir='ltr'><strong>una</strong></span> <span class='ocrx_word' id='word_1_310' title='bbox 2272 2964 2336 3007; x_wconf 78' lang='lat' dir='ltr'><strong>fa-</strong></span> 
     </span>
     <span class='ocr_line' id='line_1_37' title="bbox 315 3040 2335 3102; baseline 0.001 -21"><span class='ocrx_word' id='word_1_311' title='bbox 315 3040 419 3084; x_wconf 84' lang='lat' dir='ltr'><strong>bula</strong></span> <span class='ocrx_word' id='word_1_312' title='bbox 450 3044 632 3099; x_wconf 86' lang='lat' dir='ltr'><strong>poterit.</strong></span> <span class='ocrx_word' id='word_1_313' title='bbox 667 3044 756 3086; x_wconf 83' lang='lat' dir='ltr'><strong>Nec</strong></span> <span class='ocrx_word' id='word_1_314' title='bbox 787 3045 905 3088; x_wconf 89' lang='lat' dir='ltr'><strong>enim</strong></span> <span class='ocrx_word' id='word_1_315' title='bbox 934 3044 1004 3102; x_wconf 76' lang='lat' dir='ltr'><strong>Ill,</strong></span> <span class='ocrx_word' id='word_1_316' title='bbox 1026 3051 1044 3087; x_wconf 90' lang='lat'>1</span> <span class='ocrx_word' id='word_1_317' title='bbox 1078 3046 1207 3088; x_wconf 87' lang='lat' dir='ltr'><strong>initio</strong></span> <span class='ocrx_word' id='word_1_318' title='bbox 1229 3046 1606 3089; x_wconf 85' lang='lat' dir='ltr'><strong>sermocinantem</strong></span> <span class='ocrx_word' id='word_1_319' title='bbox 1632 3060 1733 3087; x_wconf 89' lang='lat' dir='ltr'><strong>cum</strong></span> <span class='ocrx_word' id='word_1_320' title='bbox 1752 3043 2044 3102; x_wconf 81' lang='lat' dir='ltr'><strong>Theuropide</strong></span> <span class='ocrx_word' id='word_1_321' title='bbox 2062 3041 2335 3085; x_wconf 77' lang='lat' dir='ltr'><strong>Tranionem</strong></span> 
     </span>
    </p>
   </div>
  </div>
 </body>
</html>
