2849 3591
1346 277 1658 326 -48-

467 405 781 470 pollicebitur’.
848 404 1021 462 Contra
1049 407 1166 464 nihil
1197 415 1312 468 puto
1345 404 1651 464 desiderabis,
1682 404 1721 462 si
1756 401 1999 463 Tranionis
2032 392 2401 462 interrogationi.
2459 418 2538 449 ur-

466 487 575 529 bem
611 484 713 528 exul
740 483 924 545 linquat
955 468 1154 531 faenoris
1186 500 1340 532 caussa
1371 482 1485 529 tuiP’
1522 483 1613 530 tale
1654 479 1881 549 quiddam
1913 477 2091 532 danista
2127 478 2371 566 atrociter,
2405 488 2459 524 ιιι
2488 480 2537 525 ιιι

467 562 564 606 eius
596 560 806 625 indolem
839 564 1088 622 convenit,
1118 562 1400 623 reposuerit·
1606 576 1610 580 ·
2444 571 2446 575 ’

720 638 832 697 Pol,
867 638 1015 684 modo
1045 640 1112 686 mi
1144 646 1381 699 argentum
1413 637 1611 698 reddat,
1621 638 1775 687 abeat
1807 640 1902 697 quo
1935 636 2099 681 velit.-

467 715 601 761 Nunc
634 724 819 772 autem,
850 716 932 760 ubi
966 715 1128 761 frustra
1160 714 1231 760 de
1251 715 1549 761 Philolachis
1565 715 1693 761 abitu
1724 713 2101 760 mentioneestrxse
2131 694 2341 764 iniecisse
2370 711 2537 758 Tranio

468 790 706 849 intellexit,
734 790 793 835 ad
826 790 1058 836 lenitatem
1092 800 1215 836 recte
1242 790 1379 850 redit,
1411 790 1589 852 aliquid
1616 799 1738 837 certe
1766 789 1987 850 flagitanti
2018 788 2287 849 praestitum
2307 789 2363 834 iri
2395 789 2537 835 simu·-

469 859 593 928 lans',
614 870 760 915 'sortis
793 869 1084 916 solutionem.
1147 867 1201 916 Id
1233 884 1339 915 eum
1372 867 1447 914 ine
1467 859 1735 915 recusasset.
1755 873 1802 912 et
1825 864 2539 930 'faenus⁴petisset=³'simulatqtie

470 962 508 993 v.
540 950 601 994 62
632 947 824 993 ‘reddite
857 947 1180 1008 argentum*
1223 947 1364 1006 dixit,
1392 948 1503 993 'eius
1536 946 1670 992 'vocis
1715 944 2011 1007 ambiguitate
2055 952 2187 990 utens
2222 937 2403 989 Tranio·
2433 943 2539 989 ilico

468 1023 667 1069 ‘sortem‘
700 1026 762 1069 ait
793 1024 974 1086 ‘accipe’
1009 1027 1056 1072 h.
1092 1034 1141 1072 e..
1168 1034 1406 1087 argentum
1448 1023 1640 1086 quidem
1675 1022 1793 1069 nihil
1813 1032 1889 1069 est
1926 1038 2010 1069 cur
2036 1037 2141 1069 non>
2172 1021 2539 1083 accipias‚1nam

469 1102 604 1146 sortis
636 1101 901 1148 redditione
934 1105 1027 1149 iam
1061 1113 1194 1150 antea
1227 1103 1476 1164 significavi
1509 1090 1645 1163 posse
1674 1101 1761 1147 tihi
1792 1100 2015 1146 satisfieri.
2078 1098 2145 1145 lta
2163 1097 2353 1161 quidem
2382 1097 2542 1143 iterata

467 1179 623 1238 aliquo
658 1180 898 1227 intervallo
934 1183 1067 1225 sortis
1101 1182 1277 1225 mentio
1313 1196 1410 1225 non
1448 1179 1594 1223 modo
1629 1177 1745 1222 nihil
1776 1177 2041 1234 molestiae,
2072 1176 2155 1220 sed
2196 1176 2391 1220 multum
2437 1189 2540 1234 gra-

464 1256 555 1299 tiae
591 1264 639 1300 et
671 1258 992 1305 concinnitatis
1023 1258 1177 1302 habet.
1886 1266 1889 1269 ’

592 1334 742 1394 Atque
775 1334 834 1378 de
868 1335 940 1378 his
974 1334 1167 1395 quidem
1200 1333 1380 1379 duabus
1412 1331 1799 1393 dubitationibus,
1832 1346 1946 1395 quas
1979 1331 2180 1375 duorum
2208 1342 2422 1375 versuum
2457 1330 2541 1386 ad·

466 1410 664 1455 iectione
698 1411 948 1457 removisse
990 1410 1232 1470 videmur,
1269 1425 1552 1471 quocunque
1585 1409 1731 1457 modo
1753 1409 2039 1467 iudicabis,
2062 1415 2244 1469 tantum
2275 1397 2541 1467 persuasum

464 1487 636 1530 habere
669 1490 845 1547 poteris
882 1489 1048 1544 (sciens
1083 1489 1206 1532 enim
1241 1488 1467 1546 affirmo),
1498 1488 1597 1535 sola
1627 1488 1989 1548 transpositione
2029 1501 2190 1533 eorum
2215 1480 2473 1542 -versuum,
2513 1500 2538 1528 e

463 1564 633 1622 quibus
665 1565 780 1607 haec
813 1580 950 1608 scena
994 1580 1129 1624 nunc-¹
1152 1573 1356 1623 constat,
1397 1565 1575 1607 illarum
1619 1572 1828 1607 neutram
1864 1563 2172 1614 offensionum
2206 1561 2434 1605 sublatum
2468 1562 2537 1604 iri.

462 1664 522 1670 —-
560 1640 805 1699 Reliquum
841 1649 908 1684 est
950 1649 1131 1698 autem,
1174 1650 1227 1685 ut
1268 1641 1444 1701 singula
1486 1655 1605 1700 quae
1644 1641 1886 1701 posuimus
1929 1641 2069 1685 verba
2104 1640 2276 1700 paucis
2320 1647 2535 1683 tutemur.

462 1719 510 1760 V.
554 1714 611 1761 41
658 1718 996 1778 ‘Misargyrides'
1042 1718 1249 1762 danistae
1295 1733 1469 1762 nomen
1512 1718 1846 1778 lepidissimum
1885 1733 1912 1762 e
1956 1719 2181 1763 librorum
2222 1703 2536 1776 ‘vestigiis‘mi

461 1792 700 1836 sarcirites‘
736 1803 781 1837 et
811 1791 1121 1838 ‘misartirites'
1153 1796 1388 1854 praeclaro
1423 1796 1610 1840 invento
1653 1796 1772 1839 eruit
1812 1794 2064 1845 Gulielmus
2093 1795 2298 1840 verisim.
2333 1794 2367 1851 I,-
2404 1800 2443 1838 1.
2477 1815 2536 1823 ·—

463 1872 511 1913 V.
548 1874 609 1914 42
643 1863 900 1931 ‘argentost’
944 1874 1161 1931 praebuit·
1190 1863 1345 1916 Vetus:
1379 1862 1624 1932 ‘argentos'-
1655 1881 1723 1915 est
1765 1874 1815 1916 in
1859 1873 2104 1930 Dechrtato
2116 1889 2142 1928 ,z
2174 1859 2385 1930 ‘argento’
2430 1885 2534 1916 cum

461 1947 590 1991 hiatu
627 1949 777 2007 vulgo.
826 1944 888 1979 -’
962 1949 1010 1991 V.
1058 1945 1119 1990 44
1163 1948 1319 1992 ‘homo
1364 1949 1515 1994 inanis
1544 1949 1778 2008 εει-(ΤΒ.
1809 1948 2087 2003 hio-homo
2124 1956 2191 2005 est
2216 1952 2373 2008 ‘certe'
2414 1947 2535 1991 libri.

466 2023 610 2079 Quod
643 2024 909 2083 posuimus,
942 2033 987 2068 et
1021 2025 1247 2076 sermonis
1281 2033 1327 2068 et
1360 2040 1659 2073 numerorum
1702 2025 1990 2083 concinnitas
2025 2026 2302 2086 postulabat.
2365 2025 2537 2083 Potue-

464 2115 620 2144 ramus
650 2101 708 2144 ab
743 2100 875 2145 initio
908 2100 1002 2145 ‘Hic
1033 2098 1254 2146 homost?
1295 2101 1378 2146 sed
1423 2093 1940 2164 longe'ele'gant‘issime
1982 2102 2071 2146 sibi
2117 2111 2340 2163 tanquam
2385 2117 2538 2163 oppo-

463 2186 638 2221 nuntur
670 2177 758 2221 ‘hic
790 2177 991 2222 homost’
1025 2187 1072 2222 et
1104 2194 1212 2223 mox
1246 2179 1333 2223 ‘hic
1365 2175 1535 2224 homo‘.
1573 2203 1630 2212 -—
1662 2181 1711 2226 V.
1744 2180 2037 2240 47'syllabae
2071 2188 2336 2240 quaesunt
2374 2204 2437 2216 -
2470 2180 2539 2225 ire

465 2248 633 2314 quam',
671 2269 875 2318 quorum
907 2255 1012 2299 loco
1044 2255 1234 2299 lacunae
1267 2258 1463 2316 spatium
1493 2258 1544 2304 in
1561 2258 1801 2314 Palatinis,
1826 2257 2043 2321 Italorum
2071 2250 2539 2304 coniecturaeinter-

464 2331 730 2389 polatoturn
766 2329 1014 2388 debentur,
1047 2332 1128 2391 qui
1160 2342 1396 2391 praeterea
1421 2330 1574 2378 ‘nunc'
1594 2334 1875 2385 adiecerunt.
1940 2322 2157 2389 Indidem·
2175 2334 2390 2392 proximo
2407 2349 2538 2379 versu

465 2407 583 2453 haec
614 2407 865 2452 fluxerunt:
898 2406 1004 2454 ‘DA.
1039 2409 1153 2469 quin
1188 2403 1303 2456 mihi
1327 2411 1564 2474 argentum
1594 2403 1769 2457 red—’2
1803 2417 1909 2461 nam
1940 2399 2179 2454 ‘ditur'in'
2202 2409 2415 2455 Palatinis
2442 2425 2541 2456 ser-

465 2492 637 2528 vatum.
706 2485 845 2529 Recte
876 2485 953 2529 illa
987 2486 1189 2543 inventa,
1221 2488 1308 2531 nisi
1342 2487 1472 2547 quod
1503 2488 1683 2548 ‘faenus
1715 2488 1916 2547 praestat
1941 2489 2063 2532 utv.
2082 2490 2155 2534 53.
2178 2509 2237 2520 ·-
2269 2489 2318 2531 V.
2340 2487 2399 2531 49
2431 2495 2538 2547 post

465 2559 546 2604 ‘ne'
581 2576 761 2607 rursum
797 2560 956 2607 lacuna
991 2571 1059 2607 est
1092 2563 1307 2610 in-Pau.:-
1348 2557 1515 2609 ‘clama'
1561 2564 1660 2610 Itali
1704 2550 2010 2622 addiderunt,
2032 2560 2196 2609 ‘nimis’
2239 2561 2538 2622 Camerarius,

469 2653 668 2695 quorum
718 2641 933 2693 neutrum
967 2638 1180 2684 dubium.
1223 2664 1279 2673 —
1332 2641 1378 2685 V.
1415 2645 1473 2686 53
1515 2641 1619 2696 ‘iam
1649 2637 1749 2687 'abi’
1788 2641 1922 2700 posui
1962 2656 2047 2700 pro
2078 2639 2234 2687 '‘nunc.
2261 2634 2365 2698 abi',
2409 2630 2539 2701 quod

468 2712 571 2757 libri
604 2722 779 2760 tenent.
811 2741 870 2749 —
903 2718 952 2762 V.
974 2720 1034 2763 54
1066 2717 1131 2762 ‘ac
1163 2704 1411 2767 conteram‘
1446 2718 1654 2776 Bothius,
1687 2717 1875 2763 fortasse
1905 2733 2033 2762 vere:
2068 2733 2335 2778 quanquam
2356 2716 2416 2762 de
2446 2717 2538 2763 hoc

470 2799 601 2834 caute
632 2790 945 2836 iudicandum.
1013 2793 1187 2838 >Mirum
1227 2803 1297 2837 est
1341 2796 1391 2838 in
1418 2795 1769 2854 ‘AmbrosianQ
1817 2797 1867 2839 in
1908 2797 2036 2841 cuius
2083 2797 2172 2842 hae
2211 2795 2375 2854 pagina
2427 2794 2538 2838 hinc

468 2882 644 2925 paucae
674 2867 897 2913 litterulae
920 2869 1160 2990 *quaglam
1186 2872 1273 2931 legi
1305 2888 1442 2940 posse
1475 2858 1731 2933 incipiunt,
1763 2873 1909 2919 visum
1952 2890 2051 2918 esse
2089 2870 2307 2935 ‘contero’
2348 2881 2538 2918 exstare.

473 2946 539 2973 --’
563 2943 612 2985 V.
636 2946 695 2987 56
722 2941 895 2990 ‘verum
927 2948 1013 2990 her
1057 2963 1083 2990 e
1114 2947 1235 2991 dieo'
1260 2949 1320 2993 ad
1345 2952 1588 2994 Tranionis
1613 2954 1754 2995 verba
1778 2954 1822 2994 v..
1843 2955 1917 2994 52.
1940 2952 2005 2994 53·
2030 2950 2297 3000 (reddetur-'l
2324 2959 2533 3008 spectant

469 3039 557 3065 nec
589 3022 685 3066 ullo
719 3024 865 3067 modo
891 3026 1180 3083 sollicitanda
1208 3038 1329 3071 sunt.
1395 3014 1572 3073 Eodem
1603 3047 1736 3074 versu
1764 3032 1869 3073 ‘abi'
1895 3030 2138 3088 geminavi.
2168 3053 2226 3059 —
2260 3029 2307 3073 V.
2341 3033 2399 3072 57
2424 3021 2533 3073 ‘hic'

471 3098 606 3157 vulgo
649 3100 871 3147 omissum
913 3120 967 3147 ex
1011 3104 1146 3154 libris
1180 3106 1400 3152 omnibus
1441 3109 1654 3153 accessit:
1696 3096 1926 3153 ‘actutum'
1973 3115 2125 3151 autem
2168 3124 2253 3165 pro
2290 3095 2472 3151 ‘faenus’
2505 3123 2533 3149 e
