2849 3591
1157 247 1340 300 ...529
1404 264 1463 275 -.

496 384 880 469 Βο111(11803ῑιι’51
908 402 984 448 me
1014 392 1158 464 hodiev
1169 364 1420 483 3f¹¹d¹8¹¹3⁸
1450 364 1634 409 modis:-
1814 458 1824 467 .

1223 456 1271 484 m
1302 447 1578 499 perpetuom
1608 438 1797 483 modum
1815 474 1824 483 .

280 521 353 565 cni
384 519 575 580 qnidem
608 514 937 566 emendatmm
947 517 1069 583 ”⁸¹³
1095 515 1268 564 fidffle'
1296 517 1606 562 Palatinarum
1644 515 1833 561 demum
1875 517 2095 576 scriptura
2139 519 2326 565 accedit.

280 597 369 643 Sic
387 597 534 641 enim
526 596 750 669 priorem
781 609 960 662 versum
983 597 1120 641 Vetus
1152 593 1355 639 exhibet.
1488 653 1525 691 d

1425 663 1485 692 mo
1516 664 1548 693 is
1600 691 1604 695 .

464 683 598 754 're
620 694 894 774 ludificatus
908 700 978 754 es't
1002 699 1166 755 ’.11011ἰο
1200 709 1397 770 indignis
1429 709 1499 753 dis

283 798 332 833 et
365 789 413 831 in
433 788 695 850 margine.
675 787 743 836 ‘ny
774 779 876 846 rne',
910 789 971 832 ita
1002 797 1156 832 tamen
1194 796 1245 832 ut
1277 803 1302 832 e
1341 786 1599 857 00110011113
1641 789 1733 834 sint
1774 789 1885 834 ‘atus
1921 786 1998 832 est‘
2037 787 2252 848 syllabae:
2306 802 2331 833 a

221 910 231 919 ,
281 883 376 928 quo
410 866 474 912 sic
507 868 774 912 Βο0111ῑ3ω5
801 853 1052 939 discrepat:

529 944 591 989 Te
628 942 906 1013 ludificatust
936 940 1051 989 mihi
1079 943 1222 989 hodie
1255 941 1428 1006 indigni
1461 942 1543 989 dis.

285 1021 407 1069 Alter
436 1032 589 1069 autem
620 1036 772 1067 versus
805 1022 851 1067 in
883 1020 1060 1070 veteie
1073 1021 1152 1066 hic
1185 1029 1273 1066 est.

535 1101 879 1197 Dteludificatust
911 1150 1165 1197 »111011011ἱο
1198 1146 1247 1196 111
1277 1159 1550 1211 perpetuum
1581 1149 1774 1196 modum

284 1232 363 1275 hic
395 1245 503 1275 vero
538 1231 585 1274 in
614 1231 881 1275 Decurtatoz

512 1307 880 1352 -Deludifieatust
909 1325 986 1352 me
1017 1307 1160 1352 hodie
1192 1292 1242 1351 i'n
1271 1315 1546 1366 perpetuum
1578 1305 1772 1350 modum

286 1383 367 1427 sed
400 1392 450 1427 ut
479 1381 578 1426 ‘me’
607 1384 667 1426 sit
697 1400 720 1425 0
747 1384 863 1426 0011.
894 1400 979 1442 pro
1010 1382 1110 1425 ‘mi'.
1175 1384 1314 1427 Auuli
1344 1384 1475 1440 haec,
1507 1384 1555 1426 in
1589 1384 1756 1442 quibus
1788 1383 1923 1442 plane
1955 1392 2144 1442 apparet
2175 1384 2340 1427 veteris

289 1460 596 1503 emendatoris
627 1475 805 1516 manus,
835 1476 973 1518 quam
1007 1461 1269 1518 plenissime
1303 1469 1574 1519 propterea,
1608 1459 1737 1519 quod
1777 1461 1839 1502 ita
1879 1462 2117 1519 sperabam
2159 1462 2256 1504 fore
2289 1470 2340 1503 ut

288 1554 368 1583 sua
402 1546 565 1597 sponte
597 1536 847 1596 unicuique
880 1536 1067 1594 eadem,
1102 1553 1241 1597 quam
1282 1553 1365 1597 ego
1410 1553 1506 1580 non
1548 1538 1679 1597 potui
1712 1539 1873 1597 procul
1911 1538 2107 1595 habere,
2139 1539 2337 1598 suspicio

290 1624 563 1660 nasceretur.
626 1615 736 1660 Nam
772 1614 842 1657 vix
875 1614 990 1657 mihi
1023 1614 1276 1675 persuadeo
1309 1624 1403 1659 tam
1441 1615 1569 1658 brevi
1609 1614 1843 1658 intervallo
1876 1624 1968 1658 tam
2004 1616 2197 1659 similem
2239 1632 2342 1661 ver-

294 1710 393 1738 sum
426 1693 483 1736 ab
516 1707 571 1736 eo
605 1699 743 1750 poeta
774 1690 1001 1749 iteratum,
1033 1682 1172 1751 quem
1204 1690 1340 1754 longe
1374 1692 1512 1737 alium
1545 1708 1678 1736 nosse
1710 1692 1894 1736 videor:
1928 1693 2203 1754 languetque
2232 1711 2344 1754 pro-

290 1771 407 1816 seclo
437 1770 551 1814 haec
583 1769 762 1814 iteratio
798 1786 851 1813 eo
886 1770 1055 1831 magis,
1096 1769 1225 1830 quod
1257 1770 1541 1833 paucissimis
1573 1777 1679 1831 post
1721 1770 1920 1813 versibus
1961 1786 2137 1814 rursum
2178 1771 2341 1816 similia

289 1850 428 1893 verba
460 1848 583 1892 idem
616 1847 930 1907 Theuropides
964 1832 1076 1891 haec
1108 1849 1313 1892 subiicit:

542 1926 658 1986 Quis
691 1942 765 1969 me
793 1925 942 1969 hodie·
964 1927 1181 2001 exemplis
1213 1927 1288 1971 ille
1319 1926 1577 1971 ludificatus
1608 1936 1687 1971 est.

293 2004 523 2065 Quocirca
557 2004 709 2047 nescio
745 2019 802 2047 an
837 2004 1016 2047 illorum
1050 2004 1166 2048 haec
1193 2003 1327 2048 fuerit
1354 2006 1545 2065 pristina
1573 2006 1766 2065 species:

537 2081 717 2138 vicine,
749 2081 892 2140 perii,
924 2082 1090 2125 interii.
1154 2081 1218 2126 Sl.
1253 2079 1483 2140 numquid
1511 2080 1679 2124 Tranio

418 2160 478 2203 38
540 2158 789 2202 Tun-bavit?
850 2159 938 2202 ΤΗ.
971 2160 1115 2203 immo
1148 2159 1213 2203 mi
1249 2159 1500 2203 exturbavit
1531 2159 1700 2203 omnia.

415 2233 477 2281 40
543 2235 605 2280 Sl.
640 2234 768 2294 Quid
798 2239 851 2279 tu
884 2236 980 2280 aisi’
1042 2236 1128 2280 TH.
1161 2237 1276 2281 haec
1307 2251 1377 2281 res
1408 2240 1470 2281 5ἱο
1503 2245 1570 2281 est
1598 2245 1650 2281 ut
1677 2241 1811 2281 narro
1844 2236 1945 2281 tibi.

418 2313 475 2360 41
544 2313 889 2359 Deludificatust
919 2329 994 2359 me
1026 2315 1170 2360 hodie
1202 2316 1250 2373 in
1281 2318 1555 2378 perpetuom
1590 2314 1796 2359 modum.
1818 2316 1859 2370 *)

544 2392 671 2439 Nunc
701 2401 747 2437 te
781 2393 970 2438 obsecro
1004 2401 1055 2438 ut
1087 2408 1161 2437 me
1195 2394 1316 2438 bene
1344 2394 1468 2438 iuves
1498 2399 1781 2454 operamque
1813 2392 1906 2438 des.

297 2472 352 2517 Vt
393 2471 515 2517 enim
558 2467 688 2516 will
733 2471 887 2532 potius
933 2487 1071 2532 quam
1117 2470 1176 2518 39
1222 2485 1424 2531 servem,
1474 2470 1585 2517 illud
1632 2487 1707 2516 me
1750 2479 1924 2530 movet,
1964 2470 2094 2532 quod
2135 2469 2344 2532 ‘indignis

377 2669 422 2714 ὓ)
450 2666 543 2705 Nam
571 2669 609 2703 ut
637 2676 705 2717 per
732 2677 774 2704 se
803 2666 853 2704 illi
878 2676 1010 2704 versus
1035 2667 1146 2703 eliam
1171 2667 1228 2704 sic
1255 2666 1413 2704 invicem
1440 2676 1528 2705 sese
1558 2667 1735 2716 excipere
1754 2667 1901 2716 possint
1922 2676 1997 2705 non
2026 2666 2341 2716 improbabiliter:

1041 2733 1114 2771 TH.
1143 2733 1253 2771 immo
1281 2735 1330 2773 mi
1358 2735 1571 2774 exturbavit
1599 2735 1736 2773 omnia.

549 2799 828 2839 Deludificatust
855 2811 914 2838 me
944 2799 1057 2839 hodie
1086 2800 1121 2838 in
1153 2805 1369 2850 perpetuom
1397 2801 1560 2840 modum.

554 2870 606 2909 Sl.
638 2869 732 2915 Quid
760 2874 798 2908 tu
828 2871 911 2909 ais?
963 2869 1035 2910 TH.
1060 2869 1153 2908 haec
1180 2880 1243 2908 res
1272 2871 1329 2909 sio
1360 2874 1417 2909 est
1443 2875 1482 2909 ut
1507 2882 1621 2909 narro
1652 2872 1731 2911 tibi.

550 2937 657 2977 Nunc
686 2942 721 2976 le
748 2938 910 2977 obsecro
940 2949 973 2976 e.
1003 2949 1037 2988 q.
1066 2950 1097 2977 s.

458 3012 586 3046 tamen
612 3008 649 3046 in
680 3007 751 3046 hoc
780 3010 908 3054 certe,
937 3015 984 3045 ne
1013 3017 1168 3056 prorsus
1196 3010 1355 3058 vagetur
1389 3006 1630 3054 coniectura,
1669 3007 1899 3057 praestiterit
1936 3008 1983 3046 ab
2025 3018 2072 3046 eo
2112 3016 2218 3056 quem
2258 3004 2343 3043 libri

461 3075 664 3127 prodidere
692 3076 823 3115 ordine
853 3079 968 3114 stare.
