2849 3591
491 326 558 371 An
591 327 697 369 illuc
729 340 830 369 eam
874 325 1046 385 ipsam,
1089 339 1182 385 qua
1207 324 1540 384 ⁴moxutitur,
1580 324 1727 371 ‘nunc'
1770 325 2056 386 particulam·
2082 336 2292 386 spemve
2339 329 2548 389 putabis?

490 404 590 447 Non
623 402 741 446 male
779 410 990 462 putares,
1021 402 1058 446 si
1089 402 1191 447 ulla·
1212 400 1391 447 Simoni
1434 417 1599 449 caussa-
1622 410 1741 449 esset
1786 401 1854 456 de>
1888 399 2038 449 reditu
2077 402 2384 463 'Rheuro'pidis
2421 407 2549 467 cogi-

484 478 635 524 tandi:
671 478 731 524 de
778 495 874 541 quo
919 478 1110 540 quidem
1145 479 1296 525 reditu
1327 494 1459 525 versu
1495 478 1684 527 demum
1723 481 1784 555 ἑά
1815 479 2018 526 ita-eum
2054 479 2219 525 Tranio
2264 478 2458 541 edocet,
2501 493 2550 528 ut

484 559 601 603 nihil
636 556 866 603 eiusmodi
899 557 1140 603 Simonem
1172 557 1450 617 suspicatum
1484 573 1581 603 esse
1609 567 1839 619 appareat.
1874 581 1933 594 --
1964 558 2057 611 Sed
2086 567 2139 604 ut
2167 559 2371 620 paullum
2404 558 2549 604 deeli-

485 652 593 679 nem
630 636 910 692 orationem,
938 634 1081 679 habet
1116 649 1223 678 sane
1257 634 1369 680 illud
1404 635 1549 681 ‘nunc'
1582 637 1714 680 aliam
1757 635 2123 694 dubitationem,
2165 652 2269 682 cum
2311 652 2364 682 ea
2404 651 2548 697 quae-

485 714 663 771 stione,
698 727 817 772 quae
849 710 909 755 de
939 708 1245 769 Tbeuropidis
1279 711 1649 771 interpellatione
1689 720 1784 769 est,
1814 726 1922 756 non·
1945 713 2254 759 coniunctam.
2285 713 2429 765 ³·Nam
2464 715 2546 758 etsi

489 791 671 850 saepius
702 790 778 833 illa
817 790 912 848 ipsa
943 788 1110 845 verba,
1141 786 1272 847 ‘quid
1311 803 1436 833 nunc
1449 786 1505 847 θ’,
1538 790 1666 834 alteri
1693 790 2048 850 ‚interrogationi
2077 789 2211 834 alicui
2246 792 2549 850 praemittun-

488 876 587 925 tur,
615 876 756 927 atque
789 864 905 909 adeo
938 864 1068 924 ‘quid
1102 866 1256 910 nunci’
1289 881 1429 926 quam
1463 866 1583 911 mox’
1619 891 1675 898 —
1710 867 1972 913 consociata
2003 875 2178 913 exstant
2208 864 2306 911 Cas.
2328 867 2401 925 111,
2419 873 2463 927 6,
2491 871 2544 914 16

487 944 633 1004 (fquid
669 944 824 988 nunc?
859 957 1000 1003 quam
1034 958 1142 987 mox
1170 958 1345 988 recreas
1378 943 1531 995 meP’):
1562 951 1717 988 tamen
1749 959 1844 989 non
1874 952 2028 1004 potest
2057 943 2263 1004 profecto
2295 946 2370 989 illa
2404 947 2546 1005 parti-

485 1022 584 1065 cula
617 1035 823 1079 unquam
854 1021 1027 1064 nullam
1060 1022 1153 1066 vim
1186 1020 1382 1079 habere,
1416 1019 1497 1064 sed
1530 1021 1783 1066 necessario
1818 1029 1974 1064 certae*
1998 1022 2220 1081 temporis
2260 1022 2352 1066 sive
2380 1007 2545 1066 condi-

484 1099 631 1142 cionis
666 1099 898 1142 notationi
938 1100 1086 1142 servit.
1163 1099 1303 1158 Atqui
1340 1099 1468 1143 Simo
1510 1098 1624 1157 quid
1666 1097 1851 1142 tandem
1896 1112 2077 1142 caussae
2109 1099 2250 1143 habet
2278 1114 2365 1144 cur.
2390 1113 2543 1143 nunc

483 1176 775 1235 potissimum
811 1176 1052 1219 imminere
1084 1189 1283 1234 poenam
1319 1173 1509 1218 credat?
1552 1173 1755 1234 quando.
1784 1174 1900 1219 nihil
1932 1174 2120 1234 accidit,
2154 1175 2284 1236 quod
2324 1176 2397 1220 ille
2438 1175 2543 1235 qui-

483 1253 591 1298 dem
626 1255 762 1312 sciat,
799 1268 892 1313 quo
928 1252 1027 1296 talis
1059 1253 1258 1313 suspicio
1297 1252 1480 1298 nitatur.
1558 1253 1674 1313 Ergo
1719 1253 1813 1309 hoc
1854 1252 2207 1300 incommodum
2249 1264 2301 1299 ut
2346 1254 2544 1312 tollatur,

485 1346 585 1374 mea
619 1332 758 1391 ipsius
791 1340 1056 1375 commenta
1090 1330 1243 1391 aliqua
1276 1345 1330 1374 ex
1361 1339 1490 1390 parte
1523 1331 1588 1374 sic
1618 1331 1827 1391 corrigo:

1543 1408 1608 1453 Sl.
1638 1411 1723 1460 [at]
1750 1408 1903 1452 hercle
1935 1417 1981 1453 te

733 1486 853 1530 Haut
886 1486 1066 1530 bonum
1098 1489 1236 1529 teneo
1270 1499 1464 1528 servom.
1534 1484 1586 1540 [Τ
1590 1485 1635 1529 R.
1665 1486 1736 1529 eia
1766 1486 1896 1530 vero!
1960 1484 2025 1530 SI.
2056 1489 2200 1537 cave]

551 1610 554 1613 ,
731 1564 818 1608 TR.
855 1563 981 1619 Quid
1012 1563 1167 1606 nunci'
1233 1561 1296 1607 SI.
1332 1576 1471 1620 quam
1507 1562 1645 1604 moxi)
1679 1576 1716 1605 e.
1748 1576 1792 1621 q.
1823 1577 1857 1607 S.

484 1642 572 1696 (vel
607 1641 744 1685 etiam
780 1640 981 1700 planius:
1024 1640 1121 1686 ‘'rR.
1157 1640 1240 1683 eia.
1306 1638 1368 1683 SI.
1404 1654 1511 1682 cave
1540 1642 1597 1683 sis
1629 1630 1763 1694 tibi:’)
1810 1647 1887 1684 aut
1927 1639 1974 1684 in
2017 1639 2202 1684 alteram
2245 1639 2368 1685 illam
2408 1642 2542 1685 metri

481 1718 706 1778 speciem,
742 1716 801 1763 de
836 1733 928 1778 qua
962 1716 1172 1777 proxima
1205 1715 1503 1760 annotatione
1536 1714 1652 1774 dixi,

1536 1793 1622 1839 ΤΒ.
1655 1793 1736 1839 eia.
1801 1793 1863 1838 Sl.
1893 1809 2000 1838 cave
2031 1794 2130 1840 tibi.

480 1873 542 1917 lta
576 1872 768 1933 quidem
797 1872 996 1930 Tranio,
1038 1881 1286 1931 postquam
1319 1868 1410 1916 ‘eia'
1443 1872 1662 1931 particula
1701 1871 1992 1917 mirationem
2034 1888 2138 1917 cum
2177 1873 2384 1918 simulata
2417 1873 2541 1918 indi-

476 1951 696 2010 gnatione
730 1951 997 2010 significavit
1024 1957 1220 2007 tantum,
1251 1965 1357 1994 mox
1389 1949 1515 2009 ‘quid
1549 1943 1709 1996 nunc’
1741 1950 1805 1995 ait
1835 1949 1895 1995 ‘in
1919 1959 2121 1995 mentem
2144 1951 2371 1995 tibivenit
2398 1960 2448 1995 ut
2467 1952 2539 1995 in-

477 2043 664 2088 crepes,
700 2029 780 2089 qui
813 2036 944 2073 antea
976 2029 1095 2072 bene
1128 2027 1243 2072 mihi
1277 2024 1525 2072 voluerisp'
1558 2026 1728 2073 deinde
1770 2026 1977 2074 divinare
2020 2043 2067 2071 se
2109 2026 2397 2073 dissimulans
2444 2045 2537 2089 quo

477 2107 630 2166 'quam
661 2106 779 2150 mox‘
810 2107 951 2150 verba
976 2112 1206 2165 spectent,
1237 2105 1365 2166 ‘quid
1394 2104 1471 2149 est’
1507 2107 1713 2166 quaerit,
1761 2114 2025 2166 postremo,
2058 2115 2300 2165 postquam
2341 2108 2538 2165 perrexit

472 2184 601 2227 Simo
637 2184 831 2227 obscure
864 2182 997 2227 dictis
1031 2199 1135 2226 eum
1171 2183 1381 2241 eludere,
1414 2184 1726 2243 impatientius
1759 2191 1911 2243 urget:

679 2289 688 2296 ·
725 2260 998 2318 Dic[edum,
1032 2259 1164 2321 quod
1195 2259 1337 2304 modo
1372 2265 1555 2305 exorsus
1584 2265 1672 2319 eS,]
1706 2259 1927 2321 quidnam
1963 2259 2011 2304 id
2044 2260 2141 2309 esti>

474 2355 581 2383 nam
609 2340 670 2383 ita
704 2354 828 2383 nunc
860 2338 976 2382 haec
1011 2353 1202 2398 quoque
1236 2339 1282 2382 in
1314 2338 1555 2383 Tranionis
1597 2354 1781 2384 sensum
1815 2338 2163 2384 convenientius
2205 2339 2533 2384 constituerim.

475 2441 532 2448 —
570 2417 700 2473 Quae
729 2418 765 2460 si
800 2425 925 2461 recte
957 2415 1304 2476 disputavimus,
1336 2418 1478 2476 magis
1511 2418 1647 2460 etiam
1680 2417 1972 2477 perspicitur,
2003 2431 2142 2476 quam
2172 2417 2250 2461 hic
2283 2417 2533 2461 nullus-lo-

470 2511 549 2539 cus
589 2494 899 2554 Theuropidis
942 2494 1303 2552 interpellationi
1348 2494 1418 2538 sit.
1483 2494 1721 2537 Praeterea
1766 2494 1803 2537 si
1855 2494 2127 2552 probabitur
2169 2489 2297 2552 ‘eia',
2343 2503 2532 2555 apparet

470 2571 714 2631 quomodo
748 2579 939 2631 propter
970 2570 1120 2614 simile
1153 2570 1337 2613 initium
1365 2570 1457 2614 huc
1485 2569 1682 2614 intrusus
1713 2569 1957 2614 versiculus
1989 2570 2186 2630 genuina
2214 2572 2352 2616 verba
2381 2579 2531 2616 extur—

471 2649 657 2694 baverit.
1678 2685 1681 2689 .

593 2726 809 2787 Superest
840 2734 991 2771 autem
1026 2733 1103 2784 ut,
1135 2723 1260 2770 unde
1292 2723 1481 2770 tandem
1514 2725 1607 2770 huc
1650 2724 1724 2770 ille
1760 2725 1954 2771 intrusus
1995 2740 2089 2770 esse
2121 2723 2354 2783 videatur,
2386 2726 2528 2786 expli-

470 2818 638 2850 cemus.
702 2804 764 2850 Ac
796 2804 941 2849 multo
978 2812 1100 2849 certe
1133 2803 1420 2865 probabilius
1450 2804 1489 2850 is
1520 2804 1646 2850 locus
1677 2804 1727 2849 in
1756 2803 1935 2865 eadem,
1968 2802 2106 2866 quam
2141 2818 2246 2848 cum
2267 2799 2525 2848 Camerario

467 2884 518 2927 in
551 2880 726 2926 diversa
750 2898 885 2927 scena
917 2890 1178 2942 quaeratur.
1244 2880 1370 2938 Quid
1403 2882 1577 2927 multa?
1609 2883 1760 2943 posita
1791 2883 1865 2930 illa
1893 2884 2030 2929 verba
2061 2881 2218 2942 viginti
2243 2889 2348 2942 post
2382 2882 2522 2926 versi-

466 2962 552 3006 bus
583 2960 793 3016 fuerunt,
824 2959 916 3004 hoc
949 2958 1139 3020 quidem
1174 2975 1314 3004 nexu:

591 3037 654 3084 48
718 3034 830 3094 Sed,
856 3035 999 3094 Simo,
1029 3037 1094 3082 ita
1124 3040 1284 3083 ventus
1316 3052 1441 3083 nunc
1475 3040 1637 3084 navem
1669 3035 1880 3086 deseruit.
1944 3036 2004 3083 Sl.
2035 3035 2149 3097 quid
2176 3037 2272 3082 est?
