2849 3591
1141 239 1449 286 ..23-

244 361 246 364 ’
276 376 371 406 ram
406 362 473 407 vel
507 362 675 408 iteratis
705 363 775 407 vel
805 359 1677 426 transponunt->usquequaque,liberum
1702 361 2208 414 ‚essevAmbrosianumz
2243 364 2315 407 cui

273 441 427 499 generi
459 441 636 503 longius
665 438 989 501 persequendo
1030 440 1175 499 ipsam
1208 438 1665 501 qumwbieeimus-
1683 438 1940 488 Mantissam
1971 440 2312 494 &sumsimus

1013 524 1064 566 υἱ)
1106 534 1110 539 '
1999 530 2003 535 “

965 696 990 711 „A
1098 630 1344 716 1'§.'5.

391 820 480 864 Sed
512 821 646 880 longe
676 820 986 880 gravissimum
1015 829 1154 875 metat
1179 830 1225 875 et
1240 822 1371 883 quod
1402 822 1626 867 eiusmodi
1661 822 1996 866 excusationem
2014 822 2083 863 vel
2111 821 2309 881 aliquam

267 898 600 944 dubitationem
634 898 826 942 minime
859 897 1082 952 admittat.
1108 951 1110 953 Ι
1147 900 1258 945 Nam
1293 910 1509 961 quattuor
1539 901 1729 961 paginae
1763 901 1880 958 illae,
1913 913 2033 960 quae
2051 907 2156 943 sunt
2180 900 2311 943 sche-

268 976 429 1022 darum
466 993 494 1021 ο
527 985 572 1020 et
599 992 659 1038 p,
691 977 909 1038 spatium,
932 977 1125 1039 explent·
1159 991 1236 1027 sex
1282 987 1326 1022 et
1370 979 1652 1040 septuaginta
1692 992 1915 1022 versuum.
1990 977 2128 1038 Atqui
2169 976 2310 1019 hodie

270 1058 388 1106 inter
412 1056 483 1115 lv,
516 1058 657 1114 2,.÷75.
685 1063 732 1105 et
762 1056 813 1115 V,
850 1061 893 1114 1,
925 1060 966 1100 2³
990 1068 1086 1107 noju
1111 1057 1241 1117 plura
1270 1065 1379 1106 ,sunt
1411 1070 1548 1117 quam
1572 1070 1716 1100 unum
1737 1065 1783 1098 et
1810 1056 2135 1115 quinquaginta
2152 1056 2309 1114 spatia.

267 1135 711 1194 E.—quo⁴neoessari9
744 1135 1308 1195 consequiuir51lacunam
1343 1149 1468 1180 nune
1499 1149 1594 1178 esse
1627 1135 1674 1178 in
1707 1148 1797 1178 una
1829 1147 1961 1177 scena
1990 1134 2059 1191 lv,
2092 1137 2117 1176 3
2151 1134 2310 1194 viginti

271 1213 480 1273 quinque
505 1223 739 1261 versuum:
772 1213 936 1261 senarii
970 1213 1094 1262 enim
1127 1221 1262 1273 sunt,
1296 1214 1345 1258 in
1378 1228 1472 1274 quo
1499 1227 1666 1274 genere
1711 1226 1922 1256 versuum
1968 1213 2145 1256 numeri
2193 1227 2312 1255 nun-

268 1304 406 1351 quam
443 1303 536 1340 nou
565 1299 825 1352 congruunt-
853 1290 1053 1337 numeris
1083 1291 1352 1352 spatiorum.
1401 1291 1516 1352 Ergo
1549 1306 1646 1336 non
1671 1288 1942 1335 ullomodo
1976 1287 2312 1346 haesitandum,

266 1367 348 1413 sed
380 1368 707 1428 inquirendum
741 1383 836 1429 quo
865 1370 915 1413 iu
941 1369 1051 1415 loco¹
1079 1369 1149 1413 vel
1181 1369 1350 1430 quibus
1379 1369 1427 1413 in
1454 1369 1575 1418 locis
1594 1369 1712 1413 illius
1743 1382 1903 1412 scenae
1928 1369 2023 1412 sive
2052 1367 2112 1421 ad
2126 1376 2314 1421 senten-

266 1446 377 1491 tiam
404 1446 499 1493 sive
532 1445 591 1491 ad
624 1447 965 1507 grammaticam
998 1446 1290 1490 metricamve
1323 1446 1547 1491 rationem
1582 1444 1757 1506 aliquid
1789 1443 1946 1490 deesse
1978 1444 2195 1499 videatur.
2261 1445 2316 1490 Et

268 1522 495 1570 eiusmodi
527 1537 637 1570 sane
668 1523 869 1584 primum
898 1520 1012 1568 illud
1044 1529 1132 1581 est,
1163 1518 1317 1582 quod,
1350 1521 1429 1567 ubi
1456 1521 1772 1584 Theuropides
1803 1522 1977 1569 dixerat
2007 1537 2048 1568 v.
2083 1523 2162 1569 24:

892 1598 1022 1661 quod
1053 1613 1128 1644 me
1162 1602 1349 1645 absente
1379 1608 1531 1646 tecum
1564 1601 1641 1646 hic
1672 1600 1792 1646 filius

514 1678 672 1739 Negoti
702 1678 860 1738 gessit:

265 1753 393 1800 Simo
424 1755 491 1800 sic
521 1754 792 1815 respondet:

890 1850 1069 1879 mecum
1101 1844 1151 1881 ut
1182 1836 1256 1881 ine
1288 1836 1365 1881 hic
1393 1836 1602 1895 gesserit,

521 1910 639 1955 Dum
674 1920 724 1955 tu
758 1911 866 1970 hinc
899 1908 1033 1971 abes,
1067 1914 1252 1974 negotii>
1286 1912 1508 1975 quidnam
1542 1922 1620 1957 aut
1652 1929 1746 1973 quo
1778 1911 1885 1956 die?

270 1988 400 2045 Quae
432 1997 655 2034 structura
698 1991 938 2035 verborum
980 2006 1097 2038 cum,
1122 2007 1307 2052 prorsus
1348 1993 1508 2037 viu'osa
1551 2000 1630 2036 aut
1673 1991 1827 2051 potius
1875 1990 1999 2034 nulla
2040 1990 2122 2047 sit,
2165 1988 2315 2033 Bothii

269 2065 459 2126 quidem
493 2066 599 2111 satis
631 2067 794 2112 inscito
828 2068 1043 2128 artificio,
1075 2085 1170 2130 quo
1201 2067 1407 2128 ‘negotia'
1437 2067 1667 2111 substituit
1692 2082 1778 2126 pro
1800 2062 1995 2126 ‘negoti',
2031 2068 2145 2112 nihil
2164 2067 2314 2110 hercle

268 2145 548 2203 proficimus.
616 2145 802 2189 Accedit
833 2156 1013 2205 autem,
1050 2146 1179 2207 quod
1223 2147 1346 2190 nullo
1388 2147 1579 2189 omnino
1625 2162 1727 2189 cum
1770 2146 1842 2188 his
1884 2146 2062 2188 vinculo
2108 2148 2315 2205 proxima

269 2222 566 2266 continentur
594 2222 901 2283 Theuropidis
938 2225 1097 2269 verba:
1135 2224 1288 2270 ‘Minas
1332 2226 1417 2270 tibi
1459 2225 1688 2284 octoginta
1734 2223 1903 2283 argenti
1948 2222 2124 2267 debeo’.
2198 2224 2310 2283 Ergo

269 2299 346 2343 hic
377 2314 481 2343 cum
513 2298 690 2359 aliquid
723 2299 939 2344 excidisse
972 2311 1148 2346 certum
1180 2303 1263 2362 sit,
1293 2311 1449 2347 tamen
1484 2312 1536 2347 ut
1573 2318 1675 2347 cum
1708 2303 1953 2346 verborum
1996 2310 2093 2345 tum
2136 2316 2312 2345 sermo-

271 2392 382 2422 num
415 2378 648 2439 integritas
685 2379 967 2439 restituatur,
1009 2388 1056 2424 et
1091 2373 1322 2427 sufficiunt
1357 2379 1616 2444 paucissimi
1662 2396 1811 2425 versus
1852 2395 1936 2425 nec
1979 2395 2112 2441 posse
2163 2380 2312 2440 plures

270 2456 425 2501 ascisci
457 2455 900 2507 sineconcinnitatis
931 2457 1208 2504 detrimento
1241 2458 1467 2505 videntur.
1533 2459 1655 2505 Nihil
1687 2460 1808 2504 enim
1844 2460 1891 2503 in
1927 2459 2014 2503 hac
2047 2473 2311 2504 sermonum

269 2533 570 2579 continuitate
602 2541 716 2594 puto
750 2534 1053 2580 desideratum
1088 2538 1167 2581 iri:

515 2609 579 2655 SI.
614 2609 740 2667 Quid
766 2612 953 2657 autem?
1016 2613 1102 2657 ΤΗ.
1139 2613 1268 2675 quod
1302 2629 1376 2659 me
1407 2614 1596 2659 absente
1627 2622 1779 2659 tecum
1812 2614 1889 2659 hie
1916 2613 2034 2665 filius

399 2689 455 2733 25
518 2686 676 2749 Negoti
708 2684 865 2750 gessit}
920 2689 983 2735 SI.
1018 2705 1197 2737 meeum
1229 2700 1280 2738 ut
1311 2691 1384 2737 ine
1416 2692 1493 2737 hic
1523 2694 1731 2753 gesserit,

397 2765 456 2810 26
522 2765 639 2809 Dum
672 2774 723 2810 tu
753 2767 864 2812 hinc
896 2768 1028 2827 abes,
1062 2770 1213 2831 negoti
1246 2769 1553 2830 [quidquamP
1615 2770 1701 2813 TH.
1739 2785 1796 2814 ne
1831 2785 1968 2831 nega,

520 2843 610 2887 Etsi
641 2845 725 2888 tibi
758 2861 889 2907 aegre
922 2862 1046 2892 nunc
1077 2846 1176 2904 est.]
1209 2846 1307 2892 JSI.
1343 2846 1598 2907 quidnam?
1630 2856 1706 2891 aut
1739 2863 1833 2907 quo
1868 2845 1973 2891 diei)

519 2921 625 2973 [ΤΗ.
658 2922 868 2969 Molestus
896 2939 954 2969 ne
986 2925 1061 2972 sis.
1088 2941 1186 2970 rem
1219 2940 1405 2970 omnem
1438 2925 1487 2970 in
1517 2940 1663 2986 pauca
1694 2924 1927 2970 conferam
1940 2927 1972 2977 ι]

396 3001 455 3045 27
520 2999 664 3045 Minas
691 3001 776 3046 tibi
805 3001 1037 3064 octoginta
1068 3003 1240 3064 argenti
1273 3002 1436 3048 debeo.

522 3078 586 3124 SI.
619 3079 720 3126 Non
753 3080 866 3126 mihi
900 3079 1088 3142 quidem
1122 3082 1288 3128 hercle.
1322 3098 1479 3129 verum
1508 3082 1546 3128 si
1579 3080 1746 3142 debes,
1780 3082 1917 3129 cedo:
