2849 3591
1338 205 1645 251 „32-

456 344 636 396 praeter
667 341 823 378 cetera
849 330 966 377 illud
1008 330 1327 392 quaerendum
1345 363 1360 390 ,
1392 329 1508 391 quid
1550 328 1740 374 tandem
1783 329 1911 373 libris
1948 328 2409 389 scriptivproditum
2451 330 2523 387 sit,

460 411 578 472 quid
605 410 866 471 profectum
900 410 960 456 ab
995 409 1265 455 editoribus.
1330 409 1456 455 Scito
1491 408 1628 470 igitur
1659 408 1708 452 in
1736 407 1904 452 Vetere·
1929 405 2206 452 codice-sio·
2224 406 2422 464 scriptos
2448 422 2517 451 vv.

464 489 563 533 159.
598 488 687 532 160
720 497 921 540 exstare:

689 567 803 611 ‘TH.
837 566 990 626 Apage
1023 566 1157 610 istum
1189 579 1264 608 me
1328 597 1340 611 .
1407 591 1434 607 .-
1484 601 1497 612 .
1562 595 1575 610 .
1638 597 1652 612 .
1714 563 1830 607 nihil
1860 578 2023 618 moror
2047 562 2295 617 ,ductat-ier.

837 642 1082 703 Quidquid
1115 650 1182 685 est
1247 672 1567 687 .....
1625 674 1645 687 ,.
1709 669 1723 681 -
1784 640 2028 701 perductet
2059 630 2303 702 quispiam.

457 723 557 768 Nee
588 721 852 782 discrepant
881 722 1046 780 reliqui
1080 709 1209 777 libri,
1242 719 1328 763 nisi
1357 719 1499 780 quod
1531 719 1591 763 in·
1612 716 1971 776 recentioribus,
2011 711 2062 768 iat
2094 718 2316 778 Lipsiensi
2363 728 2408 765 et
2448 718 2520 764 ed.

457 800 622 859 princ,
655 798 807 843 vacuis
838 797 991 857 spatiis
1026 797 1205 840 omissis
1235 796 1375 841 verba
1407 796 1673 841 continuata
1702 803 1824 840 suut.
1884 796 2024 842 ‘Vides
2054 805 2308 858 suspectam
2335 798 2520 857 ‘perdu-

459 882 647 922 ctorem‘
680 891 840 922 vocem
876 890 932 918 ne
966 889 1062 918 esse
1092 874 1283 934 quidem
1315 875 1362 918 in
1391 872 1652 919 codicibus:
1687 887 1826 933 quam
1858 888 1884 918 e
1913 871 2087 933 miso,
2114 875 2287 934 pariter
2313 884 2363 918 ut
2383 891 2408 918 e
2432 879 2514 920 131

458 954 536 998 hic
569 955 719 1013 elapsa
752 936 925 996 ‘errabo
961 953 1115 1012 potius
1150 948 1315 1022 ffiuam',
1349 952 1439 996 huc
1472 952 1627 996 ascivit
1649 949 1945 997 Camerarius.
1994 953 2050 997 Et
2080 951 2209 1012 quod
2242 951 2389 996 ‘istum
2415 959 2516 1009 me',

460 1046 557 1075 non
590 1030 735 1074 ‘istum
768 1045 794 1074 a
828 1035 913 1074 me'
949 1030 1142 1075 Palatini
1183 1031 1287 1075 libri
1322 1030 1567 1086 exhibent,
1599 1029 1646 1073 in
1687 1044 1744 1073 eo
1777 1029 1880 1089 ipso
1918 1026 2084 1072 videor
2118 1028 2264 1079 ‘istum
2306 1030 2523 1082 c[ircum-

458 1108 729 1158 ductorem']
748 1123 1010 1167 agnoscere.
1053 1107 1195 1163 Quod
1219 1109 1447 1167 reliquum
1469 1108 1767 1164 est,resectis
1791 1111 1955 1165 quaec
1978 1099 2254 1165 'glossemate
2287 1116 2387 1152 orta
2418 1117 2523 1152 sunt

457 1184 743 1245 adiectisque
777 1201 896 1245 quae
939 1183 1294 1242 interciderunt,
1336 1185 1385 1228 in
1427 1184 1549 1228 hanc
1590 1183 1791 1243 speciem
1835 1183 2001 1227 misere
2043 1182 2270 1243 discerpta
2315 1185 2521 1229 membra

457 1261 812 1322 redintegranda
846 1270 1077 1320 putamus:
1753 1256 1755 1259 ⁴

708 1339 772 1383 SI.
807 1324 907 1382 12:110
941 1340 1093 1397 istum,
1126 1355 1285 1399 puere,
1317 1338 1610 1383 circumduce
1640 1338 1775 1383 hasce
1810 1337 1935 1383 aedis
1963 1347 2012 1382 et
2035 1339 2280 1384 conclavia.

706 1418 819 1461 Nam
856 1421 1038 1478 egomet
1069 1426 1115 1461 te
1148 1417 1417 1475 ductarem,
1450 1418 1497 1460 ni
1531 1425 1650 1461 esset
1682 1417 1748 1460 mi
1782 1416 2021 1460 arud-forum
2059 1417 2306 1477 negotium.

463 1496 548 1541 159
709 1496 795 1540 TH.
832 1497 984 1555 Apage
1018 1497 1154 1541 istum
1191 1495 1640 1541 circumductorem·
1675 1495 1736 1539 nil
1768 1510 1928 1539 monor
1969 1494 2209 1540 ductarier.

1903 1573 1956 1597 ium
1968 1571 2106 1604 npmucl
2092 1575 2139 1595 coi

455 1612 559 1654 161.
588 1613 675 1653 130
711 1610 771 1653 SI.
810 1610 945 1652 Aedis
980 1610 1111 1653 dico:
1146 1614 1220 1653 x'm
1257 1610 1336 1670 qui
1370 1618 1414 1653 te
1446 1609 1721 1670 perductet?
1785 1609 1869 1652 ΤΗ.
1905 1624 2070 1668 apage,
2101 1578 2197 1650 ninii
2227 1607 2397 1666 placet:

457 1691 556 1733 160.
581 1693 662 1733 131
705 1688 941 1746 Quicquid
975 1696 1071 1745 est,
1106 1690 1267 1731 errabo
1304 1689 1455 1748 potius
1489 1704 1627 1747 quam
1662 1685 1902 1746 perductet
1935 1686 2182 1745 quispiam.

459 1771 537 1810 101
704 1766 785 1817 [51.
821 1767 931 1808 [ὀρθ
968 1774 1047 1808 tuo
1091 1765 1345 1820 arbitratu]
1409 1765 1495 1807 TH.
1541 1780 1646 1823 ergo
1691 1766 1812 1809 intro
1858 1780 1912 1808 eo
1957 1767 2053 1807 sine
2100 1762 2390 1823 pei-ductore.
2457 1763 2522 1808 SI.

2164 1845 2176 1886 i
2210 1842 2325 1887 licet.
2348 1861 2350 1863 ·

456 1922 542 1964 162
703 1921 916 1965 TH.1b0
954 1920 1075 1963 iutro
1111 1920 1152 1980 ig
1139 1920 1244 1963 itur
1278 1935 1312 1963 e.
1349 1936 1394 1980 q.
1425 1935 1458 1964 s.

448 1997 513 2041 lta
544 1996 735 2057 quidem
773 1997 1019 2041 rectissime
1054 1996 1361 2057 perducendi
1406 1997 1565 2055 notio,
1599 1997 1726 2042 cuius
1769 1996 1890 2041 nulla
1928 1997 2226 2057 ambiguitas,
2265 2014 2356 2042 non
2391 1998 2517 2057 prius

450 2073 670 2131 infertur,
706 2091 844 2134 quam
885 2090 1126 2135 perperam
1173 2083 1359 2135 accepta
1403 2090 1428 2118 a
1470 2073 1766 2136 Theuropide
1804 2071 2174 2118 ‘circumducere'
2222 2084 2267 2118 et
2303 2066 2517 2118 ‹hiemi-’e

449 2152 592 2195 verba
626 2169 722 2211 quo
764 2153 987 2195 valuerint
1019 2151 1198 2195 Simoni
1237 2152 1555 2211 explicandum
1603 2161 1681 2196 est.
1756 2153 1823 2196 Ab
1872 2154 2118 2223 interprete
2164 2163 2312 2197 autem
2356 2154 2516 2224 ‘'apage

448 2229 551 2273 voci
586 2215 834 2288 ascriptum
871 2228 989 2273 fuit
993 2230 1127 2272 istum
1164 2229 1497 2289 perductorem’
1531 2230 1590 2274 ad
1622 2226 1968 2286 similitudinem
2003 2225 2168 2306 prioris
2195 2248 2361 2274 versus.
2410 2232 2516 2289 Quo

450 2307 865 2366 interpretamento
900 2306 1174 2366 interpolata
1206 2308 1343 2350 verba
1379 2324 1497 2367 quae
1537 2318 1641 2352 sunt
1672 2308 1763 2352 ‘vin
1798 2310 1890 2374 qui
1918 2318 1965 2352 te
1998 2297 2247 2369 perductet'
2281 2324 2425 2369 usque
2459 2311 2517 2354 ad

451 2384 622 2445 ‘'placet
656 2401 748 2429 una
783 2401 886 2450 cum
923 2386 1135 2444 proximo
1176 2402 1305 2429 veisu
1349 2401 1451 2429 cum
1487 2386 1603 2430 forte
1643 2403 1669 2430 a
1708 2388 1895 2430 libraiio
1922 2382 2143 2459 neglecta
2188 2396 2335 2430 essent
2380 2396 2424 2431 et
2470 2389 2516 2431 in

451 2463 659 2524 margine
692 2462 868 2522 posim,
902 2462 1014 2507 hinc
1047 2478 1152 2507 casu
1187 2471 1292 2507 sunt
1325 2472 1429 2523 post
1461 2481 1500 2510 v.
1540 2465 1626 2510 109
1669 2465 1830 2511 delata.
1905 2455 1991 2509 Am
2035 2465 2167 2510 simul
2209 2466 2519 2527 negligebatur

457 2548 500 2583 et
531 2540 580 2584 in
610 2541 881 2601 marginem,
914 2539 995 2584 sed
1028 2540 1139 2584 hinc
1172 2557 1268 2584 non
1303 2542 1413 2586 item
1444 2543 1492 2587 in
1524 2544 1713 2587 alterum
1749 2545 1873 2587 illum
1907 2545 2057 2587 locum
2092 2545 2310 2603 priorem,
2340 2542 2518 2585 transiit

458 2615 637 2660 initium
670 2618 792 2661 tertii
823 2633 1006 2676 versus,
1040 2619 1169 2679 quod
1203 2636 1299 2663 esse
1338 2622 1543 2682 potuisse
1568 2615 1679 2665 face
1710 2630 1790 2666 tuo
1830 2618 2059 2681 arbitratu
2096 2621 2399 2678 coniecimus,
2441 2627 2518 2662 aut

458 2695 755 2752 postmodum
789 2695 981 2740 excidit:
1015 2714 1111 2757 quo
1147 2698 1311 2742 factum
1351 2708 1402 2743 ut
1434 2700 1482 2743 in
1515 2715 1658 2743 unum
1692 2674 1990 2761 versiculum,
2024 2715 2179 2744 verum
2215 2714 2319 2743 eum
2355 2697 2516 2741 misere

457 2769 760 2831 vacillantem,
792 2773 976 2817 initium
1010 2776 1147 2835 primi
1180 2784 1225 2819 et
1256 2777 1378 2820 tertii
1412 2777 1555 2820 exitus
1588 2766 1914 2821 coalesCerent:
1936 2772 2088 2821 ‘Aedis
2119 2776 2237 2821 dico.
2301 2774 2387 2818 TH.
2408 2789 2515 2835 ergo

459 2850 583 2893 intro
618 2864 673 2892 eo
705 2851 801 2894 sine
836 2852 1127 2912 perductore.
1181 2855 1245 2900 Sl.
1281 2855 1295 2899 i
1329 2856 1457 2900 licet'.
1479 2855 1516 2908 *l

540 2987 587 3036 *J
613 2984 722 3024 Haud
753 2987 836 3025 scio
868 2999 916 3026 an
941 2993 1139 3038 praeterea
1168 2990 1306 3040 aliquid
1334 2991 1547 3030 audendum
1575 2963 1636 3039 sit,
1662 2990 1723 3028 vel
1749 2992 2005 3043 quaerendum
2035 2994 2161 3039 certe,
2185 3001 2273 3030 num
2297 2990 2397 3030 forte
2422 2967 2516 3031 vei·-

614 3064 682 3095 sus
706 3054 842 3094 tertius
870 3051 1033 3108 (Apage
1062 3085 1074 3096 .
1101 3086 1112 3097 .
1141 3087 1152 3098 .
1181 3087 1191 3096 .
1220 3058 1442 3108 ductarier')
1483 3065 1522 3101 et
1556 3062 1679 3112 quarti
1706 3062 1828 3101 exitus
1854 3059 2020 3113 (apage,
2054 3072 2129 3099 non
2149 3057 2310 3112 places)
2337 3062 2517 3101 Tranioni
