<?xml version="1.0" encoding="UTF-8"?>
<!DOCTYPE html PUBLIC "-//W3C//DTD XHTML 1.0 Transitional//EN"
    "http://www.w3.org/TR/xhtml1/DTD/xhtml1-transitional.dtd">
<html xmlns="http://www.w3.org/1999/xhtml" xml:lang="en" lang="en">
 <head>
  <title>
</title>
<meta http-equiv="Content-Type" content="text/html;charset=utf-8" />
  <meta name='ocr-system' content='tesseract 3.04.00' />
  <meta name='ocr-capabilities' content='ocr_page ocr_carea ocr_par ocr_line ocrx_word'/>
</head>
<body>
  <div class='ocr_page' id='page_1' title='image "4777354_0028.png"; bbox 0 0 2849 3591; ppageno 0'>
   <div class='ocr_carea' id='block_1_1' title="bbox 1362 208 1675 257">
    <p class='ocr_par' dir='ltr' id='par_1_1' title="bbox 1362 208 1675 257">
     <span class='ocr_line' id='line_1_1' title="bbox 1362 208 1675 257; baseline 0.003 -14"><span class='ocrx_word' id='word_1_1' title='bbox 1362 208 1675 257; x_wconf 59' lang='lat' dir='ltr'>...fg-</span> 
     </span>
    </p>
   </div>
   <div class='ocr_carea' id='block_1_2' title="bbox 486 330 2587 3119">
    <p class='ocr_par' dir='ltr' id='par_1_2' title="bbox 486 330 2587 1019">
     <span class='ocr_line' id='line_1_2' title="bbox 488 330 2545 396; baseline 0.003 -16"><span class='ocrx_word' id='word_1_2' title='bbox 488 338 564 381; x_wconf 85' lang='lat' dir='ltr'>hic</span> <span class='ocrx_word' id='word_1_3' title='bbox 595 348 728 379; x_wconf 88' lang='lat' dir='ltr'>causa</span> <span class='ocrx_word' id='word_1_4' title='bbox 760 333 856 394; x_wconf 89' lang='lat' dir='ltr'>tui’,</span> <span class='ocrx_word' id='word_1_5' title='bbox 887 349 983 379; x_wconf 88' lang='lat' dir='ltr'>non</span> <span class='ocrx_word' id='word_1_6' title='bbox 1012 335 1167 379; x_wconf 85' lang='lat' dir='ltr'>hercle</span> <span class='ocrx_word' id='word_1_7' title='bbox 1197 335 1340 380; x_wconf 84' lang='lat' dir='ltr'>latina</span> <span class='ocrx_word' id='word_1_8' title='bbox 1370 344 1491 395; x_wconf 86' lang='lat' dir='ltr'>sunt,</span> <span class='ocrx_word' id='word_1_9' title='bbox 1519 336 1606 381; x_wconf 77' lang='lat' dir='ltr'>sed·</span> <span class='ocrx_word' id='word_1_10' title='bbox 1633 330 1840 384; x_wconf 73' lang='lat' dir='ltr'>barbara.</span> <span class='ocrx_word' id='word_1_11' title='bbox 1860 332 2545 396; x_wconf 55' lang='grc' dir='ltr'>λζΝειι’1ιίεῆ’ῡι1-1Ιεῑιὲιέἐοιίῑκκε,</span> 
     </span>
     <span class='ocr_line' id='line_1_3' title="bbox 489 413 2544 479; baseline 0.004 -23"><span class='ocrx_word' id='word_1_12' title='bbox 489 422 568 472; x_wconf 80' lang='lat' dir='ltr'>est,</span> <span class='ocrx_word' id='word_1_13' title='bbox 596 413 677 456; x_wconf 78' lang='lat' dir='ltr'>sed</span> <span class='ocrx_word' id='word_1_14' title='bbox 709 414 858 473; x_wconf 83' lang='lat' dir='ltr'>ipsum</span> <span class='ocrx_word' id='word_1_15' title='bbox 895 429 991 475; x_wconf 87' lang='lat' dir='ltr'>quo</span> <span class='ocrx_word' id='word_1_16' title='bbox 1024 415 1093 459; x_wconf 86' lang='lat' dir='ltr'>usi</span> <span class='ocrx_word' id='word_1_17' title='bbox 1126 426 1281 460; x_wconf 82' lang='lat' dir='ltr'>sumus</span> <span class='ocrx_word' id='word_1_18' title='bbox 1312 414 1396 461; x_wconf 77' lang='lat' dir='ltr'>‘ris&#39;</span> <span class='ocrx_word' id='word_1_19' title='bbox 1430 424 1534 479; x_wconf 79' lang='lat' dir='ltr'>post</span> <span class='ocrx_word' id='word_1_20' title='bbox 1570 417 1795 463; x_wconf 77' lang='lat' dir='ltr'><strong>lacunam.</strong></span> <span class='ocrx_word' id='word_1_21' title='bbox 1816 418 2033 469; x_wconf 53' lang='lat' dir='ltr'>*Ner-sus</span> <span class='ocrx_word' id='word_1_22' title='bbox 2065 419 2129 463; x_wconf 79' lang='lat'>70&#39;</span> <span class='ocrx_word' id='word_1_23' title='bbox 2171 413 2544 478; x_wconf 62' lang='lat' dir='ltr'>supplementum}</span> 
     </span>
     <span class='ocr_line' id='line_1_4' title="bbox 487 490 2538 554; baseline 0.003 -19"><span class='ocrx_word' id='word_1_24' title='bbox 487 490 860 536; x_wconf 86' lang='lat' dir='ltr'>Camerarianum</span> <span class='ocrx_word' id='word_1_25' title='bbox 896 492 1045 550; x_wconf 72' lang='lat' dir='ltr'>(Quoi</span> <span class='ocrx_word' id='word_1_26' title='bbox 1079 501 1247 538; x_wconf 87' lang='lat' dir='ltr'>sortem</span> <span class='ocrx_word' id='word_1_27' title='bbox 1281 495 1352 539; x_wconf 81' lang='lat' dir='ltr'>vix</span> <span class='ocrx_word' id='word_1_28' title='bbox 1385 492 1495 541; x_wconf 90' lang='lat' dir='ltr'>dare</span> <span class='ocrx_word' id='word_1_29' title='bbox 1523 496 1724 554; x_wconf 80' lang='lat' dir='ltr'>licebit&#39;),</span> <span class='ocrx_word' id='word_1_30' title='bbox 1755 504 1806 542; x_wconf 90' lang='lat' dir='ltr'>ut</span> <span class='ocrx_word' id='word_1_31' title='bbox 1836 495 1895 542; x_wconf 87' lang='lat' dir='ltr'>‹le</span> <span class='ocrx_word' id='word_1_32' title='bbox 1928 495 2080 541; x_wconf 83' lang='lat' dir='ltr'>dativo</span> <span class='ocrx_word' id='word_1_33' title='bbox 2110 494 2186 539; x_wconf 90' lang='lat' dir='ltr'>illo</span> <span class='ocrx_word' id='word_1_34' title='bbox 2217 501 2410 552; x_wconf 83' lang='lat' dir='ltr'>taceam,</span> <span class='ocrx_word' id='word_1_35' title='bbox 2432 510 2538 541; x_wconf 69' lang='lat' dir='ltr'>vnon</span> 
     </span>
     <span class='ocr_line' id='line_1_5' title="bbox 489 568 2540 632; baseline 0.002 -20"><span class='ocrx_word' id='word_1_36' title='bbox 489 569 631 631; x_wconf 85' lang='lat' dir='ltr'>magis</span> <span class='ocrx_word' id='word_1_37' title='bbox 665 576 861 614; x_wconf 82' lang='lat' dir='ltr'>metrum</span> <span class='ocrx_word' id='word_1_38' title='bbox 892 570 1033 615; x_wconf 89' lang='lat' dir='ltr'>babet</span> <span class='ocrx_word' id='word_1_39' title='bbox 1063 585 1200 631; x_wconf 89' lang='lat' dir='ltr'>quam</span> <span class='ocrx_word' id='word_1_40' title='bbox 1238 568 1637 632; x_wconf 71' lang='lat' dir='ltr'>quod‘v&#39;ersuifiss</span> <span class='ocrx_word' id='word_1_41' title='bbox 1668 573 1882 619; x_wconf 83' lang='lat' dir='ltr'>adhibuit</span> <span class='ocrx_word' id='word_1_42' title='bbox 1915 572 2000 629; x_wconf 73' lang='lat' dir='ltr'>(an</span> <span class='ocrx_word' id='word_1_43' title='bbox 2033 573 2175 619; x_wconf 84' lang='lat' dir='ltr'>mavis</span> <span class='ocrx_word' id='word_1_44' title='bbox 2204 580 2255 618; x_wconf 89' lang='lat' dir='ltr'>ut</span> <span class='ocrx_word' id='word_1_45' title='bbox 2286 572 2341 618; x_wconf 93' lang='lat' dir='ltr'>al.</span> <span class='ocrx_word' id='word_1_46' title='bbox 2373 572 2445 617; x_wconf 90' lang='lat' dir='ltr'>ab.</span> <span class='ocrx_word' id='word_1_47' title='bbox 2480 571 2540 626; x_wconf 85' lang='lat' dir='ltr'><strong>f.’)</strong></span> 
     </span>
     <span class='ocr_line' id='line_1_6' title="bbox 486 648 2587 712; baseline 0.001 -21"><span class='ocrx_word' id='word_1_48' title='bbox 486 648 643 692; x_wconf 82' lang='lat' dir='ltr'>Trium</span> <span class='ocrx_word' id='word_1_49' title='bbox 679 649 928 692; x_wconf 86' lang='lat' dir='ltr'>litterarum</span> <span class='ocrx_word' id='word_1_50' title='bbox 964 649 1159 708; x_wconf 87' lang='lat' dir='ltr'>spatium</span> <span class='ocrx_word' id='word_1_51' title='bbox 1194 656 1318 694; x_wconf 88' lang='lat' dir='ltr'>recte</span> <span class='ocrx_word' id='word_1_52' title='bbox 1351 652 1598 712; x_wconf 71' lang='lat' dir='ltr'>explevisse</span> <span class='ocrx_word' id='word_1_53' title='bbox 1639 651 1841 712; x_wconf 80' lang='lat' dir='ltr'>reposito</span> <span class='ocrx_word' id='word_1_54' title='bbox 1873 649 2188 711; x_wconf 76' lang='lat' dir='ltr'>‘pollicebitur‘</span> <span class='ocrx_word' id='word_1_55' title='bbox 2210 650 2369 696; x_wconf 81' lang='lat' dir='ltr'>·verbo</span> <span class='ocrx_word' id='word_1_56' title='bbox 2413 648 2543 694; x_wconf 64' lang='lat' dir='ltr'>vide-</span> <span class='ocrx_word' id='word_1_57' title='bbox 2579 658 2587 664; x_wconf 84' lang='grc'><em>“</em></span> 
     </span>
     <span class='ocr_line' id='line_1_7' title="bbox 489 722 2543 791; baseline 0.001 -22"><span class='ocrx_word' id='word_1_58' title='bbox 489 742 615 770; x_wconf 87' lang='lat' dir='ltr'>mur:</span> <span class='ocrx_word' id='word_1_59' title='bbox 651 725 780 785; x_wconf 90' lang='lat' dir='ltr'>quod</span> <span class='ocrx_word' id='word_1_60' title='bbox 808 725 872 770; x_wconf 89' lang='lat' dir='ltr'>sic</span> <span class='ocrx_word' id='word_1_61' title='bbox 906 733 1133 770; x_wconf 84' lang='lat' dir='ltr'>exaratum</span> <span class='ocrx_word' id='word_1_62' title='bbox 1162 722 1443 786; x_wconf 69' lang='lat' dir='ltr'>‘pollicebif’</span> <span class='ocrx_word' id='word_1_63' title='bbox 1462 730 1642 791; x_wconf 83' lang='lat' dir='ltr'>peperit</span> <span class='ocrx_word' id='word_1_64' title='bbox 1663 729 1970 775; x_wconf 79' lang='lat' dir='ltr'>Palatinomm</span> <span class='ocrx_word' id='word_1_65' title='bbox 1988 728 2257 788; x_wconf 70' lang='lat' dir='ltr'><strong>scripturam</strong></span> <span class='ocrx_word' id='word_1_66' title='bbox 2285 728 2466 774; x_wconf 83' lang='lat' dir='ltr'>‘sortem</span> <span class='ocrx_word' id='word_1_67' title='bbox 2484 755 2543 772; x_wconf 72' lang='lat'>..-</span> 
     </span>
     <span class='ocr_line' id='line_1_8' title="bbox 490 803 2541 867; baseline 0.001 -19"><span class='ocrx_word' id='word_1_68' title='bbox 490 804 678 848; x_wconf 84' lang='lat' dir='ltr'>licebit&#39;:</span> <span class='ocrx_word' id='word_1_69' title='bbox 722 818 826 847; x_wconf 90' lang='lat' dir='ltr'>nam</span> <span class='ocrx_word' id='word_1_70' title='bbox 860 803 1039 847; x_wconf 78' lang='lat' dir='ltr'><strong>sortem</strong></span> <span class='ocrx_word' id='word_1_71' title='bbox 1081 803 1235 862; x_wconf 84' lang='lat' dir='ltr'>potius</span> <span class='ocrx_word' id='word_1_72' title='bbox 1275 804 1445 851; x_wconf 85' lang='lat' dir='ltr'>licebit’</span> <span class='ocrx_word' id='word_1_73' title='bbox 1486 807 1532 852; x_wconf 91' lang='lat' dir='ltr'>in</span> <span class='ocrx_word' id='word_1_74' title='bbox 1577 808 1684 853; x_wconf 84' lang='lat' dir='ltr'>solis</span> <span class='ocrx_word' id='word_1_75' title='bbox 1727 817 1795 853; x_wconf 85' lang='lat' dir='ltr'>est</span> <span class='ocrx_word' id='word_1_76' title='bbox 1836 808 2031 853; x_wconf 68' lang='lat' dir='ltr'>noviciis</span> <span class='ocrx_word' id='word_1_77' title='bbox 2072 808 2199 853; x_wconf 85' lang='lat' dir='ltr'>libris</span> <span class='ocrx_word' id='word_1_78' title='bbox 2242 803 2541 867; x_wconf 81' lang='lat' dir='ltr'>interpolatis.</span> 
     </span>
     <span class='ocr_line' id='line_1_9' title="bbox 489 880 2537 944; baseline 0.001 -17"><span class='ocrx_word' id='word_1_79' title='bbox 489 883 579 928; x_wconf 88' lang='lat' dir='ltr'>Nec</span> <span class='ocrx_word' id='word_1_80' title='bbox 610 881 709 926; x_wconf 85' lang='lat' dir='ltr'>‘’dat</span> <span class='ocrx_word' id='word_1_81' title='bbox 739 881 876 938; x_wconf 86' lang='lat' dir='ltr'>dicit,</span> <span class='ocrx_word' id='word_1_82' title='bbox 908 896 994 925; x_wconf 88' lang='lat' dir='ltr'>nec</span> <span class='ocrx_word' id='word_1_83' title='bbox 1025 880 1201 940; x_wconf 87' lang='lat' dir='ltr'>dabit’,</span> <span class='ocrx_word' id='word_1_84' title='bbox 1232 897 1285 928; x_wconf 88' lang='lat' dir='ltr'>ac</span> <span class='ocrx_word' id='word_1_85' title='bbox 1325 897 1386 927; x_wconf 89' lang='lat' dir='ltr'>ne</span> <span class='ocrx_word' id='word_1_86' title='bbox 1417 880 1679 941; x_wconf 79' lang='lat' dir='ltr'>pollicetur</span> <span class='ocrx_word' id='word_1_87' title='bbox 1722 882 1942 943; x_wconf 85' lang='lat' dir='ltr'>quidem,</span> <span class='ocrx_word' id='word_1_88' title='bbox 1974 883 2056 928; x_wconf 85' lang='lat' dir='ltr'>sed</span> <span class='ocrx_word' id='word_1_89' title='bbox 2098 883 2362 944; x_wconf 75' lang='lat' dir='ltr'>exquisitius</span> <span class='ocrx_word' id='word_1_90' title='bbox 2402 886 2537 929; x_wconf 81' lang='lat' dir='ltr'>etiam</span> 
     </span>
     <span class='ocr_line' id='line_1_10' title="bbox 493 956 1370 1019; baseline 0.004 -17"><span class='ocrx_word' id='word_1_91' title='bbox 493 959 767 1003; x_wconf 87' lang='lat' dir='ltr'>levissimum</span> <span class='ocrx_word' id='word_1_92' title='bbox 797 958 1011 1004; x_wconf 83' lang='lat' dir='ltr'>omnium</span> <span class='ocrx_word' id='word_1_93' title='bbox 1043 956 1370 1019; x_wconf 65' lang='grc' dir='ltr'><strong>“ροΙΙὶεε1&gt;ἱῑιιι·’.</strong></span> 
     </span>
    </p>

    <p class='ocr_par' dir='ltr' id='par_1_3' title="bbox 487 1034 2546 1406">
     <span class='ocr_line' id='line_1_11' title="bbox 614 1034 2541 1100; baseline 0.001 -21"><span class='ocrx_word' id='word_1_94' title='bbox 614 1035 679 1079; x_wconf 89' lang='lat' dir='ltr'>Ad</span> <span class='ocrx_word' id='word_1_95' title='bbox 715 1035 788 1093; x_wconf 81' lang='lat' dir='ltr'>ll·,l</span> <span class='ocrx_word' id='word_1_96' title='bbox 824 1039 870 1093; x_wconf 72' lang='lat' dir='ltr'>Q,</span> <span class='ocrx_word' id='word_1_97' title='bbox 903 1046 1129 1095; x_wconf 85' lang='lat' dir='ltr'>revertor,</span> <span class='ocrx_word' id='word_1_98' title='bbox 1156 1037 1281 1082; x_wconf 91' lang='lat' dir='ltr'>unde</span> <span class='ocrx_word' id='word_1_99' title='bbox 1313 1039 1458 1096; x_wconf 81' lang='lat' dir='ltr'>illum,</span> <span class='ocrx_word' id='word_1_100' title='bbox 1492 1038 1550 1084; x_wconf 93' lang='lat' dir='ltr'>de</span> <span class='ocrx_word' id='word_1_101' title='bbox 1577 1055 1672 1099; x_wconf 92' lang='lat' dir='ltr'>quo</span> <span class='ocrx_word' id='word_1_102' title='bbox 1707 1054 1925 1100; x_wconf 76' lang='lat' dir='ltr'>quaerere</span> <span class='ocrx_word' id='word_1_103' title='bbox 1958 1038 2248 1096; x_wconf 77' lang='lat' dir='ltr'>instituimus,</span> <span class='ocrx_word' id='word_1_104' title='bbox 2279 1034 2458 1082; x_wconf 70' lang='lat' dir='ltr'>versum</span> <span class='ocrx_word' id='word_1_105' title='bbox 2493 1039 2541 1081; x_wconf 91' lang='lat' dir='ltr'>in</span> 
     </span>
     <span class='ocr_line' id='line_1_12' title="bbox 488 1111 2542 1176; baseline 0.001 -22"><span class='ocrx_word' id='word_1_106' title='bbox 488 1113 569 1170; x_wconf 85' lang='lat' dir='ltr'>lll,</span> <span class='ocrx_word' id='word_1_107' title='bbox 606 1119 625 1155; x_wconf 86' lang='lat'>1</span> <span class='ocrx_word' id='word_1_108' title='bbox 675 1111 962 1158; x_wconf 71' lang='lat' dir='ltr'>Camerarius</span> <span class='ocrx_word' id='word_1_109' title='bbox 1004 1115 1308 1160; x_wconf 79' lang='lat' dir='ltr'>transtulerat.</span> <span class='ocrx_word' id='word_1_110' title='bbox 1384 1116 1495 1160; x_wconf 88' lang='lat' dir='ltr'>Nam</span> <span class='ocrx_word' id='word_1_111' title='bbox 1540 1131 1598 1160; x_wconf 89' lang='lat' dir='ltr'>ne</span> <span class='ocrx_word' id='word_1_112' title='bbox 1647 1117 1738 1160; x_wconf 91' lang='lat' dir='ltr'>illic</span> <span class='ocrx_word' id='word_1_113' title='bbox 1783 1111 1975 1176; x_wconf 85' lang='lat' dir='ltr'>quidem</span> <span class='ocrx_word' id='word_1_114' title='bbox 2016 1113 2255 1159; x_wconf 77' lang='lat' dir='ltr'>ferendum</span> <span class='ocrx_word' id='word_1_115' title='bbox 2301 1130 2397 1159; x_wconf 83' lang='lat' dir='ltr'>esse</span> <span class='ocrx_word' id='word_1_116' title='bbox 2439 1129 2542 1158; x_wconf 86' lang='lat' dir='ltr'>cum</span> 
     </span>
     <span class='ocr_line' id='line_1_13' title="bbox 487 1190 2538 1250; baseline 0 -16"><span class='ocrx_word' id='word_1_117' title='bbox 487 1200 620 1235; x_wconf 88' lang='lat' dir='ltr'>antea</span> <span class='ocrx_word' id='word_1_118' title='bbox 651 1192 1023 1250; x_wconf 79' lang='lat' dir='ltr'>significavimus,</span> <span class='ocrx_word' id='word_1_119' title='bbox 1056 1199 1156 1235; x_wconf 86' lang='lat' dir='ltr'>tum</span> <span class='ocrx_word' id='word_1_120' title='bbox 1186 1193 1330 1236; x_wconf 88' lang='lat' dir='ltr'>multo</span> <span class='ocrx_word' id='word_1_121' title='bbox 1362 1192 1615 1236; x_wconf 83' lang='lat' dir='ltr'>evidentius</span> <span class='ocrx_word' id='word_1_122' title='bbox 1652 1206 1839 1249; x_wconf 81' lang='lat' dir='ltr'>eorum,</span> <span class='ocrx_word' id='word_1_123' title='bbox 1874 1192 2146 1250; x_wconf 84' lang='lat' dir='ltr'>quibuscum</span> <span class='ocrx_word' id='word_1_124' title='bbox 2187 1190 2235 1236; x_wconf 78' lang='lat' dir='ltr'>in</span> <span class='ocrx_word' id='word_1_125' title='bbox 2274 1191 2403 1236; x_wconf 77' lang='lat' dir='ltr'>libris</span> <span class='ocrx_word' id='word_1_126' title='bbox 2434 1205 2538 1235; x_wconf 74' lang='lat' dir='ltr'>mss.</span> 
     </span>
     <span class='ocr_line' id='line_1_14' title="bbox 489 1267 2546 1330; baseline 0 -17"><span class='ocrx_word' id='word_1_127' title='bbox 489 1269 669 1313; x_wconf 88' lang='lat' dir='ltr'>iunctus</span> <span class='ocrx_word' id='word_1_128' title='bbox 701 1277 788 1326; x_wconf 80' lang='lat' dir='ltr'>est,</span> <span class='ocrx_word' id='word_1_129' title='bbox 813 1269 1014 1314; x_wconf 86' lang='lat' dir='ltr'>rationes</span> <span class='ocrx_word' id='word_1_130' title='bbox 1042 1270 1295 1315; x_wconf 85' lang='lat' dir='ltr'>accuratius</span> <span class='ocrx_word' id='word_1_131' title='bbox 1329 1284 1551 1330; x_wconf 82' lang='lat' dir='ltr'>expensae</span> <span class='ocrx_word' id='word_1_132' title='bbox 1584 1267 1768 1314; x_wconf 88' lang='lat' dir='ltr'>docent.</span> <span class='ocrx_word' id='word_1_133' title='bbox 1833 1267 2043 1325; x_wconf 87' lang='lat' dir='ltr'>Quorum</span> <span class='ocrx_word' id='word_1_134' title='bbox 2079 1269 2194 1314; x_wconf 86' lang='lat' dir='ltr'>haec</span> <span class='ocrx_word' id='word_1_135' title='bbox 2234 1278 2302 1314; x_wconf 84' lang='lat' dir='ltr'>est</span> <span class='ocrx_word' id='word_1_136' title='bbox 2332 1270 2381 1314; x_wconf 86' lang='lat' dir='ltr'>in</span> <span class='ocrx_word' id='word_1_137' title='bbox 2418 1269 2546 1315; x_wconf 85' lang='lat' dir='ltr'>Pala-</span> 
     </span>
     <span class='ocr_line' id='line_1_15' title="bbox 487 1343 2132 1406; baseline 0.006 -17"><span class='ocrx_word' id='word_1_138' title='bbox 487 1346 594 1390; x_wconf 86' lang='lat' dir='ltr'>tinis</span> <span class='ocrx_word' id='word_1_139' title='bbox 626 1348 823 1406; x_wconf 84' lang='lat' dir='ltr'>species:</span> <span class='ocrx_word' id='word_1_140' title='bbox 2129 1343 2132 1346; x_wconf 37' lang='lat'><strong><em>⁵</em></strong></span> 
     </span>
    </p>

    <p class='ocr_par' dir='ltr' id='par_1_4' title="bbox 612 1420 2134 1486">
     <span class='ocr_line' id='line_1_16' title="bbox 612 1420 2134 1486; baseline 0.001 -19"><span class='ocrx_word' id='word_1_141' title='bbox 612 1426 670 1474; x_wconf 84' lang='lat'>30</span> <span class='ocrx_word' id='word_1_142' title='bbox 738 1423 867 1480; x_wconf 86' lang='lat' dir='ltr'>Quid</span> <span class='ocrx_word' id='word_1_143' title='bbox 890 1420 992 1486; x_wconf 60' lang='lat' dir='ltr'>&#39;agis</span> <span class='ocrx_word' id='word_1_144' title='bbox 1042 1427 1090 1471; x_wconf 85' lang='lat' dir='ltr'>T.</span> <span class='ocrx_word' id='word_1_145' title='bbox 1122 1427 1363 1471; x_wconf 87' lang='lat' dir='ltr'>hominem</span> <span class='ocrx_word' id='word_1_146' title='bbox 1401 1435 1644 1485; x_wconf 81' lang='lat' dir='ltr'>optumum</span> <span class='ocrx_word' id='word_1_147' title='bbox 1674 1427 1993 1471; x_wconf 87' lang='lat' dir='ltr'>teneouamice</span> <span class='ocrx_word' id='word_1_148' title='bbox 2026 1425 2134 1470; x_wconf 79' lang='lat' dir='ltr'>sacis</span> 
     </span>
    </p>

    <p class='ocr_par' dir='ltr' id='par_1_5' title="bbox 611 1501 2302 1558">
     <span class='ocr_line' id='line_1_17' title="bbox 611 1501 2302 1558; baseline 0.001 -12"><span class='ocrx_word' id='word_1_149' title='bbox 611 1504 667 1546; x_wconf 87' lang='lat'>31</span> <span class='ocrx_word' id='word_1_150' title='bbox 740 1501 897 1558; x_wconf 85' lang='lat' dir='ltr'>Quom</span> <span class='ocrx_word' id='word_1_151' title='bbox 927 1519 1002 1548; x_wconf 92' lang='lat' dir='ltr'>me</span> <span class='ocrx_word' id='word_1_152' title='bbox 1036 1502 1204 1549; x_wconf 89' lang='lat' dir='ltr'>laudas.</span> <span class='ocrx_word' id='word_1_153' title='bbox 1270 1504 1318 1548; x_wconf 88' lang='grc' dir='ltr'>Τ.</span> <span class='ocrx_word' id='word_1_154' title='bbox 1355 1503 1488 1549; x_wconf 90' lang='lat' dir='ltr'>decet</span> <span class='ocrx_word' id='word_1_155' title='bbox 1519 1513 1641 1549; x_wconf 86' lang='lat' dir='ltr'>certe</span> <span class='ocrx_word' id='word_1_156' title='bbox 1687 1504 1730 1550; x_wconf 89' lang='lat' dir='ltr'>S.</span> <span class='ocrx_word' id='word_1_157' title='bbox 1764 1504 1917 1550; x_wconf 82' lang='lat' dir='ltr'>hercle</span> <span class='ocrx_word' id='word_1_158' title='bbox 1946 1513 1992 1549; x_wconf 90' lang='lat' dir='ltr'>te</span> <span class='ocrx_word' id='word_1_159' title='bbox 2020 1502 2174 1549; x_wconf 88' lang='lat' dir='ltr'>habeo</span> <span class='ocrx_word' id='word_1_160' title='bbox 2206 1502 2302 1549; x_wconf 90' lang='lat' dir='ltr'>hau</span> 
     </span>
    </p>

    <p class='ocr_par' dir='ltr' id='par_1_6' title="bbox 610 1580 1693 1626">
     <span class='ocr_line' id='line_1_18' title="bbox 610 1580 1693 1626; baseline 0 -4"><span class='ocrx_word' id='word_1_161' title='bbox 610 1581 671 1623; x_wconf 77' lang='lat'>32</span> <span class='ocrx_word' id='word_1_162' title='bbox 738 1580 918 1624; x_wconf 88' lang='lat' dir='ltr'>Bonum</span> <span class='ocrx_word' id='word_1_163' title='bbox 953 1588 1092 1624; x_wconf 85' lang='lat' dir='ltr'>teneo</span> <span class='ocrx_word' id='word_1_164' title='bbox 1126 1595 1305 1625; x_wconf 85' lang='lat' dir='ltr'>servom</span> <span class='ocrx_word' id='word_1_165' title='bbox 1374 1611 1693 1626; x_wconf 89' lang='grc'><strong>.....</strong></span> 
     </span>
    </p>

    <p class='ocr_par' dir='ltr' id='par_1_7' title="bbox 736 1656 1755 1718">
     <span class='ocr_line' id='line_1_19' title="bbox 736 1656 1755 1718; baseline 0.002 -18"><span class='ocrx_word' id='word_1_166' title='bbox 736 1658 815 1701; x_wconf 84' lang='grc' dir='ltr'>Εἰ3</span> <span class='ocrx_word' id='word_1_167' title='bbox 848 1659 1055 1718; x_wconf 83' lang='lat' dir='ltr'>mastigia</span> <span class='ocrx_word' id='word_1_168' title='bbox 1085 1658 1145 1703; x_wconf 89' lang='lat' dir='ltr'>ad</span> <span class='ocrx_word' id='word_1_169' title='bbox 1178 1673 1253 1702; x_wconf 87' lang='lat' dir='ltr'>me</span> <span class='ocrx_word' id='word_1_170' title='bbox 1280 1656 1506 1703; x_wconf 86' lang='lat' dir='ltr'>redieram</span> <span class='ocrx_word' id='word_1_171' title='bbox 1541 1659 1641 1703; x_wconf 91' lang='lat' dir='ltr'>istic</span> <span class='ocrx_word' id='word_1_172' title='bbox 1673 1673 1755 1702; x_wconf 90' lang='lat' dir='ltr'>ero</span> 
     </span>
    </p>

    <p class='ocr_par' dir='ltr' id='par_1_8' title="bbox 612 1731 2298 1796">
     <span class='ocr_line' id='line_1_20' title="bbox 612 1731 2298 1796; baseline -0.001 -19"><span class='ocrx_word' id='word_1_173' title='bbox 612 1736 670 1777; x_wconf 81' lang='lat'>33</span> <span class='ocrx_word' id='word_1_174' title='bbox 738 1734 865 1791; x_wconf 85' lang='lat' dir='ltr'>Quid</span> <span class='ocrx_word' id='word_1_175' title='bbox 901 1751 1025 1780; x_wconf 91' lang='lat' dir='ltr'>nunc</span> <span class='ocrx_word' id='word_1_176' title='bbox 1057 1749 1196 1794; x_wconf 87' lang='lat' dir='ltr'>quam</span> <span class='ocrx_word' id='word_1_177' title='bbox 1232 1732 1352 1781; x_wconf 72' lang='lat' dir='ltr'>mox.</span> <span class='ocrx_word' id='word_1_178' title='bbox 1419 1737 1461 1783; x_wconf 92' lang='lat' dir='ltr'>S.</span> <span class='ocrx_word' id='word_1_179' title='bbox 1498 1735 1615 1796; x_wconf 91' lang='lat' dir='ltr'>quid</span> <span class='ocrx_word' id='word_1_180' title='bbox 1647 1744 1726 1782; x_wconf 87' lang='lat' dir='ltr'>est.</span> <span class='ocrx_word' id='word_1_181' title='bbox 1788 1734 1857 1779; x_wconf 92' lang='lat' dir='ltr'>T.</span> <span class='ocrx_word' id='word_1_182' title='bbox 1871 1732 2002 1793; x_wconf 89' lang='lat' dir='ltr'>quod</span> <span class='ocrx_word' id='word_1_183' title='bbox 2033 1732 2151 1777; x_wconf 91' lang='lat' dir='ltr'>solet</span> <span class='ocrx_word' id='word_1_184' title='bbox 2181 1731 2298 1777; x_wconf 84' lang='lat' dir='ltr'>fieri.</span> 
     </span>
    </p>

    <p class='ocr_par' dir='ltr' id='par_1_9' title="bbox 489 1808 2551 3119">
     <span class='ocr_line' id='line_1_21' title="bbox 621 1808 2077 1872; baseline -0.001 -17"><span class='ocrx_word' id='word_1_185' title='bbox 621 1808 2077 1872; x_wconf 76' lang='lat' dir='ltr'>34Dic...........quididest</span> 
     </span>
     <span class='ocr_line' id='line_1_22' title="bbox 494 1881 2545 1949; baseline 0.001 -19"><span class='ocrx_word' id='word_1_186' title='bbox 494 1887 578 1930; x_wconf 87' lang='lat' dir='ltr'>nisi</span> <span class='ocrx_word' id='word_1_187' title='bbox 616 1887 745 1947; x_wconf 90' lang='lat' dir='ltr'>quod</span> <span class='ocrx_word' id='word_1_188' title='bbox 776 1889 824 1932; x_wconf 90' lang='lat' dir='ltr'>in</span> <span class='ocrx_word' id='word_1_189' title='bbox 860 1889 1103 1932; x_wconf 84' lang='lat' dir='ltr'>Decurtato</span> <span class='ocrx_word' id='word_1_190' title='bbox 1139 1898 1205 1932; x_wconf 89' lang='lat' dir='ltr'>est</span> <span class='ocrx_word' id='word_1_191' title='bbox 1244 1881 1488 1934; x_wconf 84' lang='lat' dir='ltr'>‘melaudis&#39;</span> <span class='ocrx_word' id='word_1_192' title='bbox 1524 1905 1608 1949; x_wconf 65' lang='lat' dir='ltr'>pso</span> <span class='ocrx_word' id='word_1_193' title='bbox 1648 1889 1735 1934; x_wconf 85' lang='lat' dir='ltr'>‘me</span> <span class='ocrx_word' id='word_1_194' title='bbox 1765 1881 1946 1947; x_wconf 81' lang='lat' dir='ltr'>laudaS,</span> <span class='ocrx_word' id='word_1_195' title='bbox 1978 1888 2134 1932; x_wconf 83' lang='lat' dir='ltr'>‘Etiam</span> <span class='ocrx_word' id='word_1_196' title='bbox 2175 1887 2332 1947; x_wconf 86' lang='lat' dir='ltr'>astigia</span> <span class='ocrx_word' id='word_1_197' title='bbox 2371 1884 2431 1931; x_wconf 87' lang='lat' dir='ltr'>ad</span> <span class='ocrx_word' id='word_1_198' title='bbox 2473 1902 2545 1934; x_wconf 81' lang='lat' dir='ltr'>me</span> 
     </span>
     <span class='ocr_line' id='line_1_23' title="bbox 494 1962 2551 2027; baseline -0.001 -18"><span class='ocrx_word' id='word_1_199' title='bbox 494 1966 621 2009; x_wconf 84' lang='lat' dir='ltr'>redie</span> <span class='ocrx_word' id='word_1_200' title='bbox 656 1965 741 2010; x_wconf 64' lang='lat' dir='ltr'>am*</span> <span class='ocrx_word' id='word_1_201' title='bbox 775 1981 814 2008; x_wconf 88' lang='lat' dir='ltr'>v.</span> <span class='ocrx_word' id='word_1_202' title='bbox 850 1975 1030 2025; x_wconf 87' lang='lat' dir='ltr'>quarto,</span> <span class='ocrx_word' id='word_1_203' title='bbox 1063 1975 1108 2010; x_wconf 90' lang='lat' dir='ltr'>et</span> <span class='ocrx_word' id='word_1_204' title='bbox 1139 1966 1359 2027; x_wconf 78' lang='lat' dir='ltr'>‘Hic&#39;pro</span> <span class='ocrx_word' id='word_1_205' title='bbox 1393 1962 1513 2012; x_wconf 88' lang='lat' dir='ltr'>‘Dic&#39;.</span> <span class='ocrx_word' id='word_1_206' title='bbox 1579 1967 1761 2012; x_wconf 72' lang='lat' dir='ltr'>Statim‘</span> <span class='ocrx_word' id='word_1_207' title='bbox 1784 1965 1975 2027; x_wconf 74' lang='lat' dir='ltr'>apparet</span> <span class='ocrx_word' id='word_1_208' title='bbox 2015 1966 2184 2011; x_wconf 89' lang='lat' dir='ltr'>horum</span> <span class='ocrx_word' id='word_1_209' title='bbox 2220 1963 2406 2008; x_wconf 85' lang='lat' dir='ltr'>tertium</span> <span class='ocrx_word' id='word_1_210' title='bbox 2449 1980 2551 2008; x_wconf 85' lang='lat' dir='ltr'>ver-</span> 
     </span>
     <span class='ocr_line' id='line_1_24' title="bbox 493 2042 2549 2106; baseline -0.001 -18"><span class='ocrx_word' id='word_1_211' title='bbox 493 2059 625 2089; x_wconf 89' lang='lat' dir='ltr'>suum</span> <span class='ocrx_word' id='word_1_212' title='bbox 656 2043 864 2088; x_wconf 88' lang='lat' dir='ltr'>mutilum</span> <span class='ocrx_word' id='word_1_213' title='bbox 900 2059 1015 2089; x_wconf 87' lang='lat' dir='ltr'>esse:</span> <span class='ocrx_word' id='word_1_214' title='bbox 1049 2044 1179 2105; x_wconf 92' lang='lat' dir='ltr'>quod</span> <span class='ocrx_word' id='word_1_215' title='bbox 1209 2060 1305 2090; x_wconf 88' lang='lat' dir='ltr'>non</span> <span class='ocrx_word' id='word_1_216' title='bbox 1337 2044 1449 2106; x_wconf 84' lang='lat' dir='ltr'>fugit</span> <span class='ocrx_word' id='word_1_217' title='bbox 1479 2043 1801 2092; x_wconf 86' lang='lat' dir='ltr'>Camerarium.</span> <span class='ocrx_word' id='word_1_218' title='bbox 1829 2080 1831 2082; x_wconf 81' lang='grc'>-</span> <span class='ocrx_word' id='word_1_219' title='bbox 1867 2045 2007 2089; x_wconf 88' lang='lat' dir='ltr'>Huius</span> <span class='ocrx_word' id='word_1_220' title='bbox 2025 2044 2150 2088; x_wconf 81' lang='lat' dir='ltr'>enim</span> <span class='ocrx_word' id='word_1_221' title='bbox 2170 2042 2549 2103; x_wconf 78' lang='lat' dir='ltr'>&#39;supplementum</span> 
     </span>
     <span class='ocr_line' id='line_1_25' title="bbox 493 2121 2549 2184; baseline 0 -19"><span class='ocrx_word' id='word_1_222' title='bbox 493 2130 561 2166; x_wconf 87' lang='lat' dir='ltr'>est</span> <span class='ocrx_word' id='word_1_223' title='bbox 595 2121 723 2181; x_wconf 89' lang='lat' dir='ltr'>quod</span> <span class='ocrx_word' id='word_1_224' title='bbox 758 2138 880 2167; x_wconf 87' lang='lat' dir='ltr'>nunc</span> <span class='ocrx_word' id='word_1_225' title='bbox 911 2122 1050 2168; x_wconf 76' lang='lat' dir='ltr'>fertur</span> <span class='ocrx_word' id='word_1_226' title='bbox 1078 2133 1360 2184; x_wconf 84' lang='lat' dir='ltr'>repugnante</span> <span class='ocrx_word' id='word_1_227' title='bbox 1393 2134 1570 2183; x_wconf 89' lang='lat' dir='ltr'>metro,</span> <span class='ocrx_word' id='word_1_228' title='bbox 1602 2125 1708 2170; x_wconf 84' lang='lat' dir='ltr'>satis</span> <span class='ocrx_word' id='word_1_229' title='bbox 1751 2133 1857 2183; x_wconf 85' lang='lat' dir='ltr'>apta</span> <span class='ocrx_word' id='word_1_230' title='bbox 1899 2123 2142 2167; x_wconf 84' lang='lat' dir='ltr'>sententia:</span> <span class='ocrx_word' id='word_1_231' title='bbox 2193 2121 2285 2166; x_wconf 69' lang='grc' dir='ltr'>ΤΒ.</span> <span class='ocrx_word' id='word_1_232' title='bbox 2331 2121 2446 2180; x_wconf 89' lang='lat' dir='ltr'>quid</span> <span class='ocrx_word' id='word_1_233' title='bbox 2489 2122 2549 2165; x_wconf 85' lang='lat' dir='ltr'>ita</span> 
     </span>
     <span class='ocr_line' id='line_1_26' title="bbox 493 2195 2549 2261; baseline -0 -18"><span class='ocrx_word' id='word_1_234' title='bbox 493 2216 631 2257; x_wconf 69' lang='lat' dir='ltr'>vero,</span> <span class='ocrx_word' id='word_1_235' title='bbox 656 2199 785 2244; x_wconf 89' lang='lat' dir='ltr'>Simo</span> <span class='ocrx_word' id='word_1_236' title='bbox 803 2195 835 2244; x_wconf 61' lang='grc' dir='ltr'>ΞΥ</span> <span class='ocrx_word' id='word_1_237' title='bbox 898 2200 948 2245; x_wconf 91' lang='lat' dir='ltr'>ld</span> <span class='ocrx_word' id='word_1_238' title='bbox 989 2217 1092 2245; x_wconf 92' lang='lat' dir='ltr'>cum</span> <span class='ocrx_word' id='word_1_239' title='bbox 1127 2218 1287 2261; x_wconf 85' lang='lat' dir='ltr'>pamm</span> <span class='ocrx_word' id='word_1_240' title='bbox 1324 2203 1411 2245; x_wconf 87' lang='lat' dir='ltr'>sibi</span> <span class='ocrx_word' id='word_1_241' title='bbox 1444 2213 1660 2246; x_wconf 85' lang='lat' dir='ltr'>constans</span> <span class='ocrx_word' id='word_1_242' title='bbox 1693 2218 1786 2246; x_wconf 89' lang='lat' dir='ltr'>non</span> <span class='ocrx_word' id='word_1_243' title='bbox 1820 2201 2114 2261; x_wconf 77' lang='lat' dir='ltr'>significasset</span> <span class='ocrx_word' id='word_1_244' title='bbox 2146 2201 2192 2244; x_wconf 93' lang='lat' dir='ltr'>in</span> <span class='ocrx_word' id='word_1_245' title='bbox 2236 2215 2313 2243; x_wconf 88' lang='lat' dir='ltr'>sua</span> <span class='ocrx_word' id='word_1_246' title='bbox 2346 2198 2549 2243; x_wconf 86' lang='lat' dir='ltr'>editione</span> 
     </span>
     <span class='ocr_line' id='line_1_27' title="bbox 492 2277 2548 2340; baseline 0 -18"><span class='ocrx_word' id='word_1_247' title='bbox 492 2277 753 2322; x_wconf 86' lang='lat' dir='ltr'>Gronovius</span> <span class='ocrx_word' id='word_1_248' title='bbox 786 2277 958 2338; x_wconf 88' lang='lat' dir='ltr'>dispari</span> <span class='ocrx_word' id='word_1_249' title='bbox 1002 2280 1252 2324; x_wconf 89' lang='lat' dir='ltr'>litterarum</span> <span class='ocrx_word' id='word_1_250' title='bbox 1288 2280 1458 2337; x_wconf 83' lang='lat' dir='ltr'>forma,</span> <span class='ocrx_word' id='word_1_251' title='bbox 1502 2280 1669 2324; x_wconf 88' lang='lat' dir='ltr'>accidit</span> <span class='ocrx_word' id='word_1_252' title='bbox 1705 2289 1756 2324; x_wconf 90' lang='lat' dir='ltr'>ut</span> <span class='ocrx_word' id='word_1_253' title='bbox 1797 2296 1881 2340; x_wconf 86' lang='lat' dir='ltr'>pro</span> <span class='ocrx_word' id='word_1_254' title='bbox 1926 2278 2144 2323; x_wconf 86' lang='lat' dir='ltr'>Plautinis</span> <span class='ocrx_word' id='word_1_255' title='bbox 2192 2279 2267 2321; x_wconf 89' lang='lat' dir='ltr'>illa</span> <span class='ocrx_word' id='word_1_256' title='bbox 2313 2280 2450 2322; x_wconf 83' lang='lat' dir='ltr'>verba</span> <span class='ocrx_word' id='word_1_257' title='bbox 2492 2280 2548 2322; x_wconf 85' lang='lat' dir='ltr'>ab</span> 
     </span>
     <span class='ocr_line' id='line_1_28' title="bbox 491 2356 2550 2418; baseline 0 -20"><span class='ocrx_word' id='word_1_258' title='bbox 491 2356 754 2398; x_wconf 87' lang='lat' dir='ltr'>Hermanno</span> <span class='ocrx_word' id='word_1_259' title='bbox 789 2356 1072 2400; x_wconf 87' lang='lat' dir='ltr'>haberentur</span> <span class='ocrx_word' id='word_1_260' title='bbox 1104 2357 1242 2401; x_wconf 88' lang='lat' dir='ltr'>Elem.</span> <span class='ocrx_word' id='word_1_261' title='bbox 1277 2357 1321 2402; x_wconf 89' lang='lat' dir='ltr'>d.</span> <span class='ocrx_word' id='word_1_262' title='bbox 1356 2367 1487 2401; x_wconf 89' lang='lat' dir='ltr'>metr.</span> <span class='ocrx_word' id='word_1_263' title='bbox 1520 2375 1563 2418; x_wconf 88' lang='lat' dir='ltr'>p.</span> <span class='ocrx_word' id='word_1_264' title='bbox 1600 2362 1703 2403; x_wconf 75' lang='lat'><strong>217.</strong></span> <span class='ocrx_word' id='word_1_265' title='bbox 1770 2357 1901 2414; x_wconf 90' lang='lat' dir='ltr'>Quae</span> <span class='ocrx_word' id='word_1_266' title='bbox 1935 2365 2087 2401; x_wconf 84' lang='lat' dir='ltr'>autem</span> <span class='ocrx_word' id='word_1_267' title='bbox 2116 2371 2156 2399; x_wconf 87' lang='lat' dir='ltr'>v.</span> <span class='ocrx_word' id='word_1_268' title='bbox 2188 2359 2247 2401; x_wconf 88' lang='lat'>33</span> <span class='ocrx_word' id='word_1_269' title='bbox 2281 2365 2550 2417; x_wconf 86' lang='lat' dir='ltr'>sequuntur,</span> 
     </span>
     <span class='ocr_line' id='line_1_29' title="bbox 491 2431 2549 2494; baseline 0.001 -19"><span class='ocrx_word' id='word_1_270' title='bbox 491 2447 563 2475; x_wconf 89' lang='lat' dir='ltr'>res</span> <span class='ocrx_word' id='word_1_271' title='bbox 590 2433 691 2491; x_wconf 75' lang='lat' dir='ltr'>‚ipsa</span> <span class='ocrx_word' id='word_1_272' title='bbox 733 2433 898 2477; x_wconf 87' lang='lat' dir='ltr'>clamat</span> <span class='ocrx_word' id='word_1_273' title='bbox 939 2435 1354 2477; x_wconf 88' lang='lat' dir='ltr'>sermocinantibus</span> <span class='ocrx_word' id='word_1_274' title='bbox 1393 2435 1455 2478; x_wconf 92' lang='lat' dir='ltr'>ita</span> <span class='ocrx_word' id='word_1_275' title='bbox 1495 2432 1805 2494; x_wconf 83' lang='lat' dir='ltr'>dispertienda</span> <span class='ocrx_word' id='word_1_276' title='bbox 1845 2448 1968 2490; x_wconf 84' lang='lat' dir='ltr'>esse,</span> <span class='ocrx_word' id='word_1_277' title='bbox 2007 2440 2059 2476; x_wconf 91' lang='lat' dir='ltr'>ut</span> <span class='ocrx_word' id='word_1_278' title='bbox 2096 2431 2239 2492; x_wconf 84' lang='lat' dir='ltr'>‘quod</span> <span class='ocrx_word' id='word_1_279' title='bbox 2281 2433 2396 2477; x_wconf 89' lang='lat' dir='ltr'>solet</span> <span class='ocrx_word' id='word_1_280' title='bbox 2438 2432 2549 2477; x_wconf 55' lang='lat' dir='ltr'>fieri*</span> 
     </span>
     <span class='ocr_line' id='line_1_30' title="bbox 489 2508 2545 2570; baseline 0 -19"><span class='ocrx_word' id='word_1_281' title='bbox 489 2508 696 2566; x_wconf 78' lang='lat' dir='ltr'>Simoni,</span> <span class='ocrx_word' id='word_1_282' title='bbox 728 2510 854 2569; x_wconf 85' lang='lat' dir='ltr'>‘quid</span> <span class='ocrx_word' id='word_1_283' title='bbox 889 2508 968 2554; x_wconf 84' lang='lat' dir='ltr'>est&#39;</span> <span class='ocrx_word' id='word_1_284' title='bbox 997 2512 1214 2555; x_wconf 90' lang='lat' dir='ltr'>Tranioni</span> <span class='ocrx_word' id='word_1_285' title='bbox 1249 2512 1527 2554; x_wconf 89' lang='lat' dir='ltr'>tribuantur:</span> <span class='ocrx_word' id='word_1_286' title='bbox 1563 2511 1685 2555; x_wconf 91' lang='lat' dir='ltr'>unde</span> <span class='ocrx_word' id='word_1_287' title='bbox 1716 2511 2015 2570; x_wconf 82' lang='lat' dir='ltr'>consequitur</span> <span class='ocrx_word' id='word_1_288' title='bbox 2033 2510 2235 2553; x_wconf 82' lang='lat' dir='ltr'>Simonis</span> <span class='ocrx_word' id='word_1_289' title='bbox 2266 2524 2367 2553; x_wconf 84' lang='lat' dir='ltr'>esse</span> <span class='ocrx_word' id='word_1_290' title='bbox 2394 2509 2545 2569; x_wconf 81' lang='lat' dir='ltr'>‘quam</span> 
     </span>
     <span class='ocr_line' id='line_1_31' title="bbox 491 2586 2547 2649; baseline 0 -21"><span class='ocrx_word' id='word_1_291' title='bbox 491 2586 610 2629; x_wconf 87' lang='lat' dir='ltr'>mox&#39;</span> <span class='ocrx_word' id='word_1_292' title='bbox 642 2588 802 2645; x_wconf 83' lang='lat' dir='ltr'>verba,</span> <span class='ocrx_word' id='word_1_293' title='bbox 841 2604 1040 2648; x_wconf 89' lang='lat' dir='ltr'>quorum</span> <span class='ocrx_word' id='word_1_294' title='bbox 1076 2589 1206 2633; x_wconf 81' lang='lat' dir='ltr'>facile</span> <span class='ocrx_word' id='word_1_295' title='bbox 1241 2589 1508 2649; x_wconf 82' lang='lat' dir='ltr'>intelligitur</span> <span class='ocrx_word' id='word_1_296' title='bbox 1539 2590 1659 2632; x_wconf 88' lang='lat' dir='ltr'>hanc</span> <span class='ocrx_word' id='word_1_297' title='bbox 1702 2603 1798 2632; x_wconf 84' lang='lat' dir='ltr'>esse</span> <span class='ocrx_word' id='word_1_298' title='bbox 1834 2589 1926 2631; x_wconf 78' lang='lat' dir='ltr'>vim</span> <span class='ocrx_word' id='word_1_299' title='bbox 1972 2587 2365 2638; x_wconf 72' lang='grc' dir='ltr'><strong><em>ἀποσιωπητικήνε</em></strong></span> <span class='ocrx_word' id='word_1_300' title='bbox 2396 2586 2547 2646; x_wconf 84' lang='lat' dir='ltr'>‘quam</span> 
     </span>
     <span class='ocr_line' id='line_1_32' title="bbox 493 2662 2545 2727; baseline 0 -21"><span class='ocrx_word' id='word_1_301' title='bbox 493 2678 598 2707; x_wconf 84' lang='lat' dir='ltr'>mox</span> <span class='ocrx_word' id='word_1_302' title='bbox 628 2667 861 2725; x_wconf 89' lang='lat' dir='ltr'>nequitiae</span> <span class='ocrx_word' id='word_1_303' title='bbox 895 2676 939 2710; x_wconf 90' lang='lat' dir='ltr'>et</span> <span class='ocrx_word' id='word_1_304' title='bbox 972 2667 1268 2711; x_wconf 85' lang='lat' dir='ltr'>helluationis</span> <span class='ocrx_word' id='word_1_305' title='bbox 1300 2676 1405 2711; x_wconf 88' lang='lat' dir='ltr'>tuae</span> <span class='ocrx_word' id='word_1_306' title='bbox 1433 2681 1632 2727; x_wconf 89' lang='lat' dir='ltr'>poenam</span> <span class='ocrx_word' id='word_1_307' title='bbox 1666 2668 1803 2711; x_wconf 73' lang='lat' dir='ltr'>luesP&#39;</span> <span class='ocrx_word' id='word_1_308' title='bbox 1834 2668 1904 2710; x_wconf 81' lang='lat' dir='ltr'>vel</span> <span class='ocrx_word' id='word_1_309' title='bbox 1938 2666 2170 2711; x_wconf 86' lang='lat' dir='ltr'>definitius</span> <span class='ocrx_word' id='word_1_310' title='bbox 2201 2665 2361 2709; x_wconf 86' lang='lat' dir='ltr'>etiam:</span> <span class='ocrx_word' id='word_1_311' title='bbox 2394 2662 2545 2723; x_wconf 80' lang='lat' dir='ltr'>‘quam</span> 
     </span>
     <span class='ocr_line' id='line_1_33' title="bbox 493 2740 2545 2806; baseline 0.001 -24"><span class='ocrx_word' id='word_1_312' title='bbox 493 2755 597 2783; x_wconf 85' lang='lat' dir='ltr'>mox</span> <span class='ocrx_word' id='word_1_313' title='bbox 629 2743 676 2785; x_wconf 90' lang='lat' dir='ltr'>in</span> <span class='ocrx_word' id='word_1_314' title='bbox 710 2744 874 2787; x_wconf 89' lang='lat' dir='ltr'>malam</span> <span class='ocrx_word' id='word_1_315' title='bbox 909 2760 1092 2788; x_wconf 89' lang='lat' dir='ltr'>crucem</span> <span class='ocrx_word' id='word_1_316' title='bbox 1130 2746 1217 2788; x_wconf 91' lang='lat' dir='ltr'>ibis</span> <span class='ocrx_word' id='word_1_317' title='bbox 1231 2746 1265 2788; x_wconf 67' lang='lat' dir='ltr'>P·</span> <span class='ocrx_word' id='word_1_318' title='bbox 1329 2746 1484 2806; x_wconf 87' lang='lat' dir='ltr'>anue</span> <span class='ocrx_word' id='word_1_319' title='bbox 1522 2760 1661 2788; x_wconf 88' lang='lat' dir='ltr'>nemo</span> <span class='ocrx_word' id='word_1_320' title='bbox 1705 2760 1801 2788; x_wconf 89' lang='lat' dir='ltr'>non</span> <span class='ocrx_word' id='word_1_321' title='bbox 1840 2742 1965 2787; x_wconf 82' lang='lat' dir='ltr'>videt</span> <span class='ocrx_word' id='word_1_322' title='bbox 1997 2744 2083 2787; x_wconf 90' lang='lat' dir='ltr'>illis</span> <span class='ocrx_word' id='word_1_323' title='bbox 2124 2740 2383 2788; x_wconf 76' lang='lat' dir='ltr'>continuari</span> <span class='ocrx_word' id='word_1_324' title='bbox 2427 2756 2545 2800; x_wconf 90' lang='lat' dir='ltr'>quae</span> 
     </span>
     <span class='ocr_line' id='line_1_34' title="bbox 493 2817 2548 2878; baseline 0 -18"><span class='ocrx_word' id='word_1_325' title='bbox 493 2826 627 2861; x_wconf 86' lang='lat' dir='ltr'>antea</span> <span class='ocrx_word' id='word_1_326' title='bbox 656 2819 782 2864; x_wconf 89' lang='lat' dir='ltr'>Simo</span> <span class='ocrx_word' id='word_1_327' title='bbox 818 2820 1019 2866; x_wconf 88' lang='lat' dir='ltr'>dixerat:</span> <span class='ocrx_word' id='word_1_328' title='bbox 1062 2817 1122 2866; x_wconf 86' lang='lat' dir='ltr'>‘te</span> <span class='ocrx_word' id='word_1_329' title='bbox 1170 2822 1297 2866; x_wconf 89' lang='lat' dir='ltr'>haud</span> <span class='ocrx_word' id='word_1_330' title='bbox 1340 2824 1517 2867; x_wconf 88' lang='lat' dir='ltr'>bonum</span> <span class='ocrx_word' id='word_1_331' title='bbox 1558 2836 1740 2868; x_wconf 75' lang='lat' dir='ltr'>servum</span> <span class='ocrx_word' id='word_1_332' title='bbox 1778 2818 1941 2865; x_wconf 84' lang='lat' dir='ltr'>teneo&#39;.</span> <span class='ocrx_word' id='word_1_333' title='bbox 2007 2822 2200 2865; x_wconf 76' lang='lat' dir='ltr'>Rumum</span> <span class='ocrx_word' id='word_1_334' title='bbox 2246 2819 2318 2862; x_wconf 90' lang='lat' dir='ltr'>his</span> <span class='ocrx_word' id='word_1_335' title='bbox 2369 2826 2548 2878; x_wconf 87' lang='lat' dir='ltr'>praeter</span> 
     </span>
     <span class='ocr_line' id='line_1_35' title="bbox 491 2895 2547 2962; baseline 0 -23"><span class='ocrx_word' id='word_1_336' title='bbox 491 2895 762 2955; x_wconf 86' lang='lat' dir='ltr'>opinionem</span> <span class='ocrx_word' id='word_1_337' title='bbox 795 2898 962 2944; x_wconf 89' lang='lat' dir='ltr'>auditis</span> <span class='ocrx_word' id='word_1_338' title='bbox 1001 2900 1101 2944; x_wconf 86' lang='lat' dir='ltr'>fieri</span> <span class='ocrx_word' id='word_1_339' title='bbox 1142 2917 1328 2961; x_wconf 87' lang='lat' dir='ltr'>prorsus</span> <span class='ocrx_word' id='word_1_340' title='bbox 1367 2902 1530 2962; x_wconf 90' lang='lat' dir='ltr'>nequit</span> <span class='ocrx_word' id='word_1_341' title='bbox 1569 2901 1685 2962; x_wconf 88' lang='lat' dir='ltr'>quin</span> <span class='ocrx_word' id='word_1_342' title='bbox 1727 2900 1797 2945; x_wconf 81' lang='lat' dir='ltr'>vel</span> <span class='ocrx_word' id='word_1_343' title='bbox 1836 2900 2026 2944; x_wconf 85' lang='lat' dir='ltr'>miretur</span> <span class='ocrx_word' id='word_1_344' title='bbox 2060 2898 2130 2943; x_wconf 85' lang='lat' dir='ltr'>vel</span> <span class='ocrx_word' id='word_1_345' title='bbox 2173 2895 2435 2957; x_wconf 86' lang='lat' dir='ltr'>indignetur</span> <span class='ocrx_word' id='word_1_346' title='bbox 2478 2897 2547 2940; x_wconf 88' lang='lat' dir='ltr'>vel</span> 
     </span>
     <span class='ocr_line' id='line_1_36' title="bbox 491 2974 2548 3039; baseline 0 -23"><span class='ocrx_word' id='word_1_347' title='bbox 491 2974 631 3018; x_wconf 88' lang='lat' dir='ltr'>etiam</span> <span class='ocrx_word' id='word_1_348' title='bbox 667 2975 915 3036; x_wconf 84' lang='lat' dir='ltr'>interroget</span> <span class='ocrx_word' id='word_1_349' title='bbox 941 2978 1137 3037; x_wconf 89' lang='lat' dir='ltr'>Tranio,</span> <span class='ocrx_word' id='word_1_350' title='bbox 1172 2978 1288 3039; x_wconf 88' lang='lat' dir='ltr'>quid</span> <span class='ocrx_word' id='word_1_351' title='bbox 1324 2978 1510 3035; x_wconf 85' lang='lat' dir='ltr'>tandem</span> <span class='ocrx_word' id='word_1_352' title='bbox 1552 2979 1618 3023; x_wconf 90' lang='lat' dir='ltr'>rei</span> <span class='ocrx_word' id='word_1_353' title='bbox 1662 2978 1720 3022; x_wconf 89' lang='lat' dir='ltr'>sit</span> <span class='ocrx_word' id='word_1_354' title='bbox 1751 2976 1882 3039; x_wconf 89' lang='lat' dir='ltr'>quod</span> <span class='ocrx_word' id='word_1_355' title='bbox 1913 2978 2009 3022; x_wconf 77' lang='lat' dir='ltr'>ille</span> <span class='ocrx_word' id='word_1_356' title='bbox 2033 2983 2212 3035; x_wconf 85' lang='lat' dir='ltr'>crepet:</span> <span class='ocrx_word' id='word_1_357' title='bbox 2260 2974 2403 3035; x_wconf 85' lang='lat' dir='ltr'>idque</span> <span class='ocrx_word' id='word_1_358' title='bbox 2441 2974 2548 3019; x_wconf 82' lang='lat' dir='ltr'>fecit</span> 
     </span>
     <span class='ocr_line' id='line_1_37' title="bbox 490 3051 2547 3119; baseline 0 -24"><span class='ocrx_word' id='word_1_359' title='bbox 490 3051 545 3096; x_wconf 87' lang='lat' dir='ltr'>iis</span> <span class='ocrx_word' id='word_1_360' title='bbox 576 3067 696 3112; x_wconf 90' lang='lat' dir='ltr'>quae</span> <span class='ocrx_word' id='word_1_361' title='bbox 729 3052 995 3100; x_wconf 87' lang='lat' dir='ltr'>exciderunt</span> <span class='ocrx_word' id='word_1_362' title='bbox 1026 3056 1189 3102; x_wconf 81' lang='lat' dir='ltr'>verbis.</span> <span class='ocrx_word' id='word_1_363' title='bbox 1245 3057 1345 3104; x_wconf 76' lang='lat' dir='ltr'>Nec</span> <span class='ocrx_word' id='word_1_364' title='bbox 1377 3056 1617 3119; x_wconf 88' lang='lat' dir='ltr'>quaerenti</span> <span class='ocrx_word' id='word_1_365' title='bbox 1651 3055 1918 3118; x_wconf 80' lang='lat' dir='ltr'>querentive</span> <span class='ocrx_word' id='word_1_366' title='bbox 1952 3053 2088 3099; x_wconf 84' lang='lat' dir='ltr'>deest</span> <span class='ocrx_word' id='word_1_367' title='bbox 2116 3067 2288 3111; x_wconf 74' lang='lat' dir='ltr'>senex,</span> <span class='ocrx_word' id='word_1_368' title='bbox 2332 3068 2431 3100; x_wconf 88' lang='lat' dir='ltr'>non</span> <span class='ocrx_word' id='word_1_369' title='bbox 2473 3051 2547 3100; x_wconf 86' lang='lat' dir='ltr'>ille</span> 
     </span>
    </p>
   </div>
  </div>
 </body>
</html>
