2849 3591
1172 199 1480 242 ’'-5—

320 308 586 386 quod-ilud
610 319 1182 385 pertinerentnesciretur.
1246 322 1393 382 Atque
1425 318 1737 379 hoe-quidem
1770 335 1872 365 cum
1904 322 2048 381 possit
2070 320 2355 366 verissimum

322 416 418 446 esse
437 402 477 457 ³¹)
492 435 506 460 ‚
532 411 687 451 ,tamen
719 414 882 460 pamm
915 406 982 442 est
1013 397 1156 457 quod·
1174 387 1352 442 duobus
1382 405 1576 448 tantum
1589 395 1650 440 de
1676 397 1811 439 unius
1843 406 1889 440 et
1921 398 2221 460 quadraginta
2252 414 2354 443 ver-

321 493 452 524 suum
485 475 777 533 nnfflitudine
803 472 1017 543 detractis
1045 475 1370 534 profecerimus
1396 475 1479 525 ad
1489 474 1621 531 ean*
1617 476 1732 535 φὴ
1774 489 1892 534 opus
1932 475 1993 518 sit
2035 478 2353 536 aequalitatem

322 541 722 615 consequendam:
755 553 898 599 nimia
939 553 1062 597 enim
1099 569 1128 597 a
1166 554 1349 613 triginta
1385 554 1622 614 quinque
1616 551 1698 598 ad
1738 551 2161 614 undequadraginta
2202 572 2355 601 versus

321 633 536 690 varietas,
567 648 708 692 quam
741 647 859 691 quae
889 631 1202 681 necessitatem
1233 627 1504 690 persuadeat
1532 630 1652 677 illius
1681 630 1998 691 potissimum,
2030 645 2150 691 quae
2180 648 2353 692 propo-

318 709 405 753 sita
435 709 510 767 sit,
540 726 746 755 errorum
778 710 979 770 originis.
1048 707 1228 767 Quodsi
1258 709 1415 756 relicto
1444 709 1612 756 Merula
1633 725 1667 755 -a
1701 709 1931 756 Decurtati
1965 710 2045 770 qui
2077 708 2243 755 dicitur
2274 711 2353 755 Vr-

321 787 543 830 sinianive
571 788 679 831 libri
711 786 912 831 numeris
938 786 1253 846 proficiscare,
1284 802 1390 831 sane
1421 788 1562 847 magis
1591 789 1726 832 etiam
1768 789 1950 833 turbata
1978 787 2249 847 aequalitate
2275 788 2356 831 has

323 865 578 923 reppereris
616 880 825 910 versuum
867 865 914 908 in
954 865 1138 925 singulis
1183 862 1363 909 schedis
1410 880 1629 910 summas:
1670 867 1743 910 32.
1774 869 1850 911 31.
1888 867 1991 912 108.
2026 862 2101 909 41.
2136 867 2211 910 37.
2245 862 2355 910 142:

322 941 559 986 sciendum
587 952 656 988 est
684 943 807 987 enim
837 944 1099 1004 saepissime
1128 942 1230 987 illos
1261 942 1384 1002 ipsos
1414 943 1555 988 libros
1584 959 1769 1004 prorsus
1807 944 2008 1004 neglecta
2042 958 2252 988 versuum
2286 942 2358 987 di-

324 1020 569 1063 stinctione
601 1020 804 1064 Plautina
835 1021 971 1065 verba
1004 1036 1096 1065 una
1126 1020 1429 1080 perpetuitate
1462 1029 1681 1081 tanquam
1715 1037 1807 1065 non
1840 1022 2016 1065 astricta
2049 1022 2251 1067 numeris
2282 1036 2359 1065 ex-

325 1097 500 1140 hibere.
564 1097 666 1141 Non
696 1097 983 1155 mirandum,
1014 1097 1094 1148 sed
1124 1097 1402 1143 laudandum
1436 1098 1484 1142 in
1514 1097 1830 1155 Lachmanno,
1864 1096 1992 1157 quod
2024 1114 2114 1156 qua
2141 1106 2208 1143 est
2237 1114 2361 1157 pru·-

328 1173 482 1218 dentia
516 1175 661 1219 noluit
694 1175 739 1219 in
773 1175 1090 1236 computandis
1124 1177 1323 1222 numeris
1363 1192 1415 1221 ea
1451 1190 1658 1221 versuum
1697 1174 2004 1235 descriptione
2038 1175 2129 1232 uti,
2162 1191 2277 1234 quae
2310 1175 2359 1220 in

327 1252 608 1297 editionibus
640 1253 780 1298 hodie
811 1255 973 1298 fertur:
1006 1271 1101 1298 non
1128 1255 1348 1299 veriturus
1379 1254 1540 1311 facere,
1566 1255 1603 1297 si
1634 1266 1859 1309 summam
1892 1267 1988 1296 esse
2009 1252 2059 1296 in
2079 1252 2172 1295 hoc
2198 1268 2360 1313 genere

327 1330 581 1375 editionum
626 1331 733 1375 inde
776 1347 801 1374 a
847 1332 1104 1375 Camerario
1149 1331 1434 1391 proditarum
1479 1348 1585 1375 cum
1614 1333 1772 1374 Vetere
1812 1329 1972 1373 codice
2017 1331 2364 1391 congruentiam

327 1409 547 1451 scivisset:
579 1410 708 1451 cuius
741 1408 928 1468 quidem
962 1410 1134 1452 codicis
1164 1409 1394 1452 beneficio
1428 1409 1518 1452 dici
1555 1409 1715 1468 nequit
1746 1409 1925 1467 quoties
1958 1409 2110 1451 sanior
2150 1424 2363 1452 versuum

328 1484 573 1544 descriptio
604 1484 839 1531 debeatur
904 1488 1052 1531 Vnum
1086 1486 1196 1530 illud
1226 1486 1494 1544 tenendum,
1526 1486 1654 1547 quod
1683 1488 1808 1548 tetigi
1832 1488 1878 1532 in
1908 1486 2283 1530 commentariolo
2305 1486 2363 1529 de

325 1562 539 1607 biblioth.
572 1562 810 1607 Alexandr.
844 1564 1011 1624 scripto
1043 1580 1086 1623 p.
1125 1568 1244 1621 122,
1270 1563 1398 1623 quod
1431 1565 1673 1623 aliquoties
1706 1565 1753 1607 in
1787 1566 1863 1607 illo
1898 1565 2038 1620 libro,
2073 1579 2165 1621 quo
2196 1563 2363 1606 chartis

327 1649 613 1698 parceretur,
642 1643 906 1700 praesertim
940 1643 1084 1692 sicubi
1123 1643 1303 1685 brevius
1345 1651 1458 1685 esset
1489 1657 1629 1702 genus
1660 1657 1896 1699 versuum,
1939 1658 2031 1685 non
2077 1643 2167 1684 ullo
2219 1640 2362 1684 modo

328 1717 519 1760 omnino
554 1706 742 1762 licenter
777 1728 821 1762 et
852 1720 1109 1778 promiscue
1142 1720 1433 1779 perscriptOS,
1465 1719 1545 1763 sed
1577 1711 1697 1762 certa
1735 1720 1911 1764 consilii
1945 1719 2197 1763 constantia
2230 1719 2364 1761 binos

327 1794 373 1836 in
407 1810 549 1840 unum
586 1795 646 1837 ita
680 1797 948 1839 coniunctos
979 1796 1255 1856 reperimus,
1287 1805 1337 1839 ut
1368 1811 1393 1839 a
1424 1784 1737 1856 grandiuscula
1769 1797 1916 1840 littera
1962 1797 2141 1839 alterius
2184 1795 2366 1838 initium

329 1871 420 1914 fiat.
487 1872 634 1932 Atque
668 1873 758 1917 hoc
788 1874 835 1916 in
877 1874 994 1917 hanc
1027 1874 1171 1933 ipsam
1201 1882 1374 1933 partem
1409 1874 1702 1917 Mostellariae
1735 1874 1796 1917 ita
1830 1872 1977 1931 cadit,
2010 1882 2059 1916 ut
2092 1889 2189 1917 non
2219 1872 2362 1916 modo

328 1964 353 1992 a
386 1948 457 2007 Ill,
492 1953 534 2008 2,
568 1952 624 1994 37
662 1950 720 1994 ad
752 1951 809 1996 59
840 1951 996 2012 viginti
1028 1966 1178 2001 versus
1211 1959 1506 1995 numerentur
1536 1966 1620 2010 pro
1653 1951 1810 2010 viginti
1840 1950 2021 1994 duobus
2054 1958 2098 1994 et
2129 1965 2153 1993 a
2181 1950 2250 2008 lv,
2271 1954 2314 2007 2,
2334 1951 2360 1993 4

326 2027 385 2074 ad
419 2030 477 2073 23
511 2027 775 2090 quindecim
808 2045 893 2089 pro
929 2030 1112 2090 viginti,
1142 2029 1224 2075 sed
1257 2045 1340 2090 pro
1376 2028 1554 2075 duobus
1586 2038 1632 2074 et
1663 2029 1821 2089 viginti
1859 2028 2078 2073 undecim
2118 2037 2295 2073 tantum
2340 2044 2361 2070 a

328 2104 396 2161 lv,
427 2107 472 2162 3,
509 2108 565 2150 18
599 2105 657 2150 ad
691 2106 764 2150 39.
833 2106 925 2163 Qui
958 2122 1110 2153 versus
1143 2123 1246 2153 cum
1280 2123 1375 2152 non
1405 2103 1549 2167 possit
1579 2106 1777 2152 dubitari
1811 2106 1923 2166 quin
1955 2106 2005 2149 in
2036 2106 2362 2165 antiquissimis

327 2179 565 2225 codicibus
605 2183 862 2242 singulatim
896 2184 1066 2230 suerint
1096 2186 1358 2246 perscripti,
1399 2186 1488 2231 iam
1519 2185 1569 2230 hi
1601 2183 1832 2244 prodeunt
1872 2182 2142 2228 schedarum
2187 2184 2365 2226 numeri

330 2273 447 2320 quos
479 2258 593 2303 infra
623 2259 769 2319 posui.

918 2342 971 2384 w
1551 2338 1611 2384 42

916 2418 973 2461 XI
1549 2416 1607 2461 41

915 2497 946 2539 l.
981 2498 1029 2540 11.
1060 2497 1114 2540 111
1524 2502 1607 2541 121

914 2577 948 2620 v
1546 2573 1604 2620 41

914 2653 969 2696 lv
1548 2653 1609 2696 42
1642 2636 1671 2663 ⁸

917 2730 1003 2775 vn.
1036 2730 1139 2774 vm.
1173 2729 1241 2773 ix.
1276 2729 1313 2772 x
1523 2731 1610 2774 166

328 2801 540 2860 Quorum
581 2807 859 2853 concinnitas
890 2816 1012 2854 tanta
1046 2817 1110 2853 est
1140 2817 1191 2853 ut
1223 2824 1307 2852 nec
1342 2809 1588 2869 quicquam
1622 2808 1931 2867 desideretur,
1977 2818 2021 2852 et
2053 2809 2176 2865 eius,
2220 2821 2355 2867 quem

329 2881 572 2940 pristinum
604 2883 819 2944 diximus,
852 2885 1026 2931 ordinis
1055 2886 1231 2932 tamdiu
1262 2887 1499 2931 necessitas
1540 2886 1847 2932 demonstrata
1882 2890 1963 2946 sit,
2011 2886 2231 2948 quamdiu
2266 2897 2357 2925 non

406 3036 455 3083 *J
482 3036 738 3078 Tractavimus
767 3040 864 3079 hunc
889 3039 1011 3077 locum
1038 3049 1121 3077 cum
1152 3040 1197 3077 iis
1224 3049 1318 3090 quae
1339 3040 1535 3077 coniuncta
1564 3039 1708 3077 suntin
1728 3038 2038 3076 Emendationum
2059 3037 2235 3074 mantissa
2266 3038 2304 3079 §.
2331 3035 2362 3070 1.
