2849 3591
1176 199 1480 242 ...13-

464 297 571 360 llle
608 316 691 360 ubi
720 314 976 361 vendidisse
1003 331 1289 375 -se··unquam
1326 334 1402 363 eas
1433 316 1561 363 aedis
1591 322 1929 379 pernegaverit,
2009 341 2016 349 ⁸

465 393 619 454 Neque
645 409 692 438 se
721 395 960 451 argenwit&
994 395 1207 452 accepse,
1232 403 1300 439 sat
1320 394 1422 441 'scio'
1456 410 1555 440 rem
1587 397 1683 440 esse
1711 396 1874 442 factam
1906 401 2089 444 omnem
2120 398 2289 460 palam,

454 471 633 528 Quibus
664 468 915 513 mendaciis
948 470 1131 524 celas-im
1164 486 1190 514 a
1223 476 1357 531 gnato
1392 490 1490 518 rem
1512 473 1839 534 disperditam.

334 548 390 594 14
453 548 543 593 Sed
577 546 691 607 quid
724 546 814 590 hoc
846 555 938 605 est,
971 546 1242 607 quodforis
1273 553 1539 621 concrepuit
1570 557 1827 613 proxumae
1859 553 2085 597 viciniae?

300 626 511 672 Ceterum
536 624 664 685 quod
698 640 756 670 ne
787 626 854 669 sic
883 624 1091 686 quidem,
1121 641 1390 688 quanquam
1422 628 1603 676 duobus
1636 632 1686 677 in
1719 631 1884 692 pagina
1916 634 2009 676 302
2036 632 2242 675 versibus
2275 648 2350 677 ac-

299 704 593 762 cedentibus,
642 703 845 764 cxpletur
878 708 1106 749 *constans
1147 704 1432 767 undeviginti
1479 724 1691 754 versuum
1734 723 1984 767 numeruS,
2029 708 2077 753 id
2121 709 2348 770 duplicem

300 795 500 827 caussam
530 782 681 828 habet.
745 782 856 827 Nam
887 798 982 828 non
1011 782 1153 828 modo
1182 783 1398 829 binorum
1423 788 1564 847 spatia
1582 787 1714 832 divisi
1731 802 1800 833 vv.
1822 791 1895 832 15.
1914 791 1968 831 21
1992 795 2038 830 et
2059 791 2119 831 22
2137 798 2349 848 aequant,

298 859 381 904 sed
413 859 506 905 duo
538 869 773 920 praeterea
806 869 909 921 post
938 875 977 907 v.
1015 863 1070 906 15
1102 862 1247 922 spatia
1280 862 1570 910 intercedunt
1602 880 1746 910 novae
1788 880 1978 924 scenae,
2018 874 2070 909 ut
2106 875 2348 910 consenta-

301 952 437 983 neum
468 946 560 996 est,
593 939 649 982 ab
679 953 719 981 v.
752 940 808 985 16
842 938 1120 984 ordiundae:
2061 938 2063 940 ’

455 1016 561 1060 1Ιίοο
597 1017 714 1061 intra
744 1016 882 1061 limen
911 1017 996 1061 ista
1027 1019 1165 1075 state,
1196 1026 1273 1076 ut,
1303 1033 1406 1063 cum
1436 1021 1664 1080 extemplo
1695 1034 1879 1064 vocem:

299 1095 364 1138 sic
386 1095 508 1138 enim
525 1094 811 1140 Ambrosiani
837 1095 920 1140 has
935 1096 1105 1141 litteras
1123 1096 1342 1143 LIMENJS
1356 1132 1367 1143 .
1383 1097 1484 1143 ΛΒΤ
1497 1129 1661 1141 ......
1675 1099 1751 1144 UM
1775 1099 2064 1158 interpretor,
2095 1115 2197 1143 cum
2215 1101 2349 1161 vulgo

300 1173 357 1217 sit
386 1173 536 1218 ‘limen
568 1181 707 1219 astate
739 1174 828 1219 illic
852 1182 903 1219 ut
933 1174 1066 1233 cum’,
1097 1189 1182 1235 pro
1207 1190 1303 1235 quo
1337 1185 1476 1235 recte,
1507 1177 1682 1238 absque
1701 1175 2006 1221 Ambrosiano
2038 1186 2169 1233 esset,
2199 1178 2348 1222 ‘astate

305 1252 378 1296 illi’
410 1252 612 1298 Bothius.

1263 1392 1299 1439 §.
1343 1392 1384 1433 2.

427 1487 610 1531 Praeter
641 1483 832 1530 schedas
863 1493 1015 1529 autem
1047 1484 1090 1529 M
1123 1492 1169 1529 et
1199 1484 1244 1545 Q
1277 1484 1476 1545 singulos
1498 1500 1651 1530 versus
1673 1500 1794 1529 nunc
1827 1485 2002 1546 elapsos
2026 1494 2350 1531 conservarunt

302 1565 436 1609 etiam
470 1563 494 1607 J
527 1572 572 1607 et
603 1563 654 1608 N.
719 1563 955 1608 Pertinent
986 1563 1110 1607 enim
1138 1563 1233 1608 huc
1261 1578 1329 1622 ea,
1362 1579 1491 1624 quae.
1512 1561 1771 1609 incredibili
1804 1572 1849 1608 et
1877 1564 2146 1625 negligentia
2175 1573 2219 1608 et
2241 1580 2351 1624 per-

299 1644 507 1689 versitate
541 1643 734 1703 Angelus
767 1642 907 1686 Maius
947 1640 1008 1687 de
1052 1641 1236 1687 ineditis
1267 1642 1573 1703 quibusdam,
1606 1659 1723 1703 quos
1764 1644 1811 1687 in
1844 1642 2145 1688 Ambrosiano
2186 1641 2346 1687 codice

301 1721 568 1783 reppererit,
598 1721 801 1764 versibus
835 1721 916 1764 his.
936 1719 1085 1765 verbis
1114 1730 1284 1765 narrat:
1325 1721 1387 1765 ‘ln
1416 1722 1504 1765 alio
1523 1721 1820 1765 Mostellariae
1843 1721 1951 1764 folio
1976 1721 2089 1764 haec
2119 1721 2344 1780 legebam:

454 1799 554 1844 Non
588 1773 754 1858 edepod
785 1797 935 1841 video.
1000 1800 1056 1841 At
1088 1813 1170 1859 ego
1206 1798 1341 1842 video
1373 1800 1593 1843 volturios
1623 1800 1752 1843 duos.

464 1954 608 1998 Puere
640 1961 778 2013 atque
841 1988 852 1999 .
915 1988 925 1998 .
989 1987 1002 1999 .
1064 1989 1074 1998 .
1144 1952 1231 1997 h'ac
1264 1953 1349 1997 me’

300 2030 509 2087 Quorum
541 2031 685 2090 priori
714 2045 817 2075 cum
849 2038 1083 2090 praeterea
1114 2032 1309 2075 conferri
1343 2032 1497 2075 iubeat
1527 2031 1654 2076 Most.
1680 2030 1753 2088 111,
1767 2028 1911 2088 2,147
1927 2046 2052 2091 sqq.:
2084 2031 2177 2074 hoc
2212 2046 2349 2075 omne

299 2109 434 2168 quale
465 2108 652 2152 tandem
688 2109 746 2151 sit
774 2117 819 2152 et
853 2124 945 2168 quo
978 2109 1143 2166 valeat,
1182 2107 1442 2168 diligentius
1482 2107 1740 2152 declarabo.
1805 2109 1885 2153 vix
1926 2109 2049 2152 enim
2085 2109 2347 2151 mortalium

299 2186 544 2245 quisquam
572 2183 823 2230 divinando
866 2183 978 2230 illud
1017 2192 1307 2245 assequatur,
1338 2186 1541 2245 priorem
1582 2199 1790 2243 versum,
1829 2184 1909 2230 sed
1952 2186 2129 2246 aliquot
2165 2185 2347 2244 syllabis

298 2264 572 2322 auctiorem,
605 2263 802 2324 positum
833 2277 928 2308 esse
960 2270 1065 2323 post
1095 2262 1245 2323 ipsum
1278 2262 1421 2322 illum,
1453 2277 1591 2323 quem
1620 2270 1953 2308 commemorat
1975 2262 2131 2321 MaiuS,
2164 2275 2344 2307 versum

303 2341 388 2387 147
423 2356 483 2386 sc.
519 2344 547 2387 2
581 2350 667 2387 act.
697 2340 773 2386 Ill:
807 2340 996 2386 alterum
1035 2348 1186 2386 autem
1225 2341 1363 2401 longo
1406 2342 1463 2386 ab
1508 2341 1586 2386 illo
1628 2341 1862 2386 intervallo
1902 2339 2128 2386 remotum
2174 2348 2346 2384 exstare

301 2420 348 2465 in
380 2417 435 2463 lv
462 2435 522 2464 so.
557 2424 583 2465 2
618 2419 807 2478 eiusque
840 2433 1001 2464 scenae
1033 2433 1129 2464 esse
1161 2417 1615 2478 antepaenultimum.
1682 2417 1839 2464 Dicam
1872 2415 2033 2464 ordine
2066 2415 2124 2464 de
2145 2416 2344 2477 singulis.

298 2497 351 2542 Et
382 2496 585 2556 priorem
620 2495 810 2556 quidem
845 2495 1034 2542 Bothius
1060 2503 1128 2542 sat
1157 2494 1339 2542 inlicete
1371 2496 1436 2543 sic
1466 2495 1727 2556 suppletum
1756 2495 1865 2543 ‘Non
1893 2494 2061 2556 edepol
2083 2509 2166 2555 ego
2188 2493 2346 2540 video:

298 2574 367 2620 Δι’
400 2591 436 2620 e.
471 2590 517 2634 q.
549 2589 583 2619 s.
615 2572 934 2619 collocandum
968 2582 1072 2633 post
1107 2576 1196 2619 152
1226 2573 1413 2633 putavit.-
1481 2573 1572 2619 Nec
1602 2587 1709 2619 vero
1757 2573 2048 2618 librariorum
2094 2572 2166 2616 ille
2211 2571 2347 2631 culpa

298 2667 487 2698 mancus
514 2660 594 2710 est,
625 2651 706 2696 sed
737 2652 848 2696 vitio
883 2649 1072 2696 editoris
1104 2651 1216 2709 Itali,
1249 2651 1329 2711 qui
1364 2666 1452 2709 eas,
1486 2666 1605 2710 quae
1637 2658 1742 2695 sunt
1774 2650 1892 2695 inter
1923 2648 2083 2695 ‘video'
2114 2657 2159 2694 et
2184 2649 2348 2695 ‘voltu-

298 2730 401 2775 rios’
433 2731 601 2775 litteras
647 2729 826 2774 circiter
858 2739 964 2775 octo
999 2744 1220 2775 novemve
1251 2729 1445 2789 turpiter
1480 2728 1686 2789 neglexit.
1764 2726 1969 2785 Quarum
2011 2743 2130 2788 quae
2171 2729 2346 2773 tenuis-

298 2810 412 2853 sima
442 2808 627 2868 vestigia
655 2817 911 2866 supersunt,
943 2817 1166 2868 quantum
1199 2808 1329 2868 potui
1362 2807 1535 2852 calamo
1563 2807 1762 2851 imitatus
1791 2806 1935 2865 repeti
1961 2805 2113 2851 curavi
2132 2806 2340 2865 exemplo

298 2885 647 2946 lithographico.
712 2885 964 2930 Potuerunt
992 2902 1048 2930 eo
1089 2886 1192 2930 loco
1225 2886 1365 2930 multa
1395 2901 1489 2930 non
1521 2885 1676 2945 inepte
1709 2883 1826 2941 dici,
1861 2884 1984 2929 velut
2014 2883 2162 2929 ‘video
2196 2884 2341 2943 pictos

298 2961 543 3021 volturios’,
570 2961 720 3007 ‘video
752 2961 876 3006 hisce
909 2962 1052 3006 oculis
1092 2958 1335 3021 volturios'‚
1368 2962 1475 3007 alia:
1518 2962 1710 3023 propius
1744 2977 1883 3022 quam
1918 2961 2111 3021 reliqua,
2145 2975 2260 3019 quae
2294 2960 2341 3004 in

300 3051 503 3087 mentem
535 3050 784 3100 venerunt,
821 3040 879 3085 ad
908 3040 1092 3099 vestigia
1122 3042 1196 3087 illa
1223 3041 1439 3088 accedere
1472 3043 1618 3088 visum
1641 3051 1709 3087 est
1740 3040 1887 3087 ‘video
1917 3040 1977 3087 ad
1993 3041 2161 3086 laevam
2192 3038 2343 3084 voltu-
